@misc{smartthings,
	note = {\url{http://www.smartthings.com/}},
	title = "{SmartThings}"
}

@misc{nest,
	note = {\url{https://nest.com/}},
	title = "{Nest}"
}


@misc{samza,
	note = {\url{http://samza.apache.org/}},
	title = "{Samza}"
}

@misc{spark,
	note = {\url{http://spark.apache.org/streaming/}},
	title = "{Spark}"
}

@misc{orleansusage,
	note = {\url{http://dotnet.github.io/orleans/Who-Is-Using-Orleans}},
	title = "{Who is using Orleans}"
}
