%% Generated by Masoud Saeida Ardekani 
%% see predef.bib or Shortenedpredef.bib
%% DO NOT EDIT THIS FILE !!!




@inproceedings{Zaharia:2013str,
  author = {Zaharia, Matei and Das, Tathagata and Li, Haoyuan and Hunter, Timothy and Shenker, Scott and Stoica, Ion},
  title = {Discretized Streams: Fault-tolerant Streaming Computation at Scale},
  booktitle = {Proceedings of the Twenty-Fourth ACM Symposium on Operating Systems Principles},
  year = {2013},
  pages = {423--438},
  publisher = {ACM},
  address = {New York, NY, USA},
}

@inproceedings{Isard:2009,
  author = {Isard, Michael and Prabhakaran, Vijayan and Currey, Jon and Wieder, Udi and Talwar, Kunal and Goldberg, Andrew},
  title = {Quincy: Fair Scheduling for Distributed Computing Clusters},
  booktitle = SOSP,
  year = {2009},
  pages = {261--276},
}

@inproceedings{183764
    , author = {Culhane, William and Kogan, Kirill and Jayalath, Chamikara and Eugster, Patrick}
    , booktitle = hotcloud
    , title = {LOOM: Optimal Aggregation Overlays for In-Memory Big Data Processing}
    , year = 2014
}

@inproceedings{194954
    , author = {Istv{\'{a}}n, Zsolt and Sidler, David and Alonso, Gustavo and Vukolic, Marko}
    , booktitle = nsdi
    , pages = {425--438}
    , title = {Consensus in a Box: Inexpensive Coordination in Hardware}
    , year = 2016
}

@inproceedings{194956
    , author = {Lin, Wei and Qian, Zhengping and Xu, Junwei and Yang, Sen and Zhou, Jingren and Zhou, Lidong}
    , booktitle = nsdi
    , pages = {439--453}
    , title = {StreamScope: Continuous Reliable Distributed Processing of Big Data Streams}
    , year = 2016
}

@inproceedings{5283491
    , author = {Ruiz-Fuertes, M I and Munoz-Escoi, F D}
    , booktitle = srds
    , pages = {32--38}
    , title = {Performance Evaluation of a Metaprotocol for Database Replication Adaptability}
    , year = 2009
}

@article{6172626
    , author = {Pujol, J M and Erramilli, V and Siganos, Georgos and Yang, X and Laoutaris, N and Chhabra, P and Rodriguez, P}
    , journal = {Networking, IEEE/ACM Transactions on}
    , number = {4}
    , pages = {1162--1175}
    , title = {The Little Engine(s) That Could: Scaling Online Social Networks}
    , volume = {20}
    , year = 2012
}

@inproceedings{6329193
    , author = {Arrieta-Salinas, I and Armend'riz-Inigo, J E and Navarro, J}
    , booktitle = {Availability, Reliability and Security (ARES), 2012 Seventh International Conference on}
    , pages = {268--273}
    , title = {Classic Replication Techniques on the Cloud}
    , year = 2012
}

@inproceedings{7266873
    , author = {Martin, A and Smaneoto, T and Dietze, T and Brito, A and Fetzer, C}
    , booktitle = dsn
    , month = jun
    , pages = {462--473}
    , title = {User-Constraint and Self-Adaptive Fault Tolerance for Event Stream Processing Systems}
    , year = 2015
}

@article{Abadi1991
    , author = {Abadi, Mart{\'{i}}n and Lamport, Leslie}
    , journal = tcs
    , month = may
    , number = {2}
    , pages = {253--284}
    , title = {The existence of refinement mappings}
    , volume = {82}
    , year = 1991
}

@article{Abadi2012
    , author = {Abadi, Daniel J.}
    , journal = ieeecomputer
    , month = feb
    , number = {2}
    , pages = {37--42}
    , title = {Consistency Tradeoffs in Modern Distributed Database System Design: CAP is Only Part of the Story}
    , volume = {45}
    , year = 2012
}

@incollection{Abadi2014
    , author = {{Corradini, Andrea and Ribeiro, Leila and Dotti, Fernando and Mendizabal}, Odorico}
    , booktitle = {Trustworthy Global Computing}
    , editor = {Abadi, Mart{\'{i}}n and {Lluch Lafuente}, Alberto}
    , pages = {235--253}
    , title = {A Formal Model for the Deferred Update Replication Technique}
    , volume = {8358}
    , year = 2014
}

@inproceedings{Abdallah1998
    , author = {Abdallah, M. and Guerraoui, Rachid and Pucheral, P.}
    , booktitle = icpads
    , month = dec
    , pages = {182--192}
    , title = {One-phase commit: does it make sense?}
    , year = 1998
}

@inproceedings{Abraham2004
    , author = {Abraham, Ittai and Amit, Yonatan and Dolev, Danny}
    , booktitle = opodis
    , pages = {229--239}
    , title = {Optimal Resilience Asynchronous Approximate Agreement}
    , year = 2004
}

@inproceedings{Adya1997
    , author = {Adya, Atul and Liskov, Barbara}
    , booktitle = podc
    , month = aug
    , pages = {73--82}
    , title = {Lazy consistency using loosely synchronized clocks}
    , year = 1997
}

@inproceedings{Adya2000
    , author = {Adya, Atul and Liskov, B and O'Neil, Patrick}
    , booktitle = icde
    , number = {March}
    , pages = {67--78}
    , title = {Generalized isolation level definitions}
    , year = 2000
}

@phdthesis{Adya99
    , author = {Adya, Atul}
    , month = mar
    , school = {MIT}
    , title = {Weak Consistency: A Generalized Theory and Optimistic Implementations for Distributed Transactions}
    , type = {Ph.D.}
    , year = 1999
}

@article{Afek1993
    , author = {Afek, Yehuda and Attiya, Hagit and Dolev, Danny and Gafni, Eli and Merritt, Michael and Shavit, Nir}
    , journal = jacm
    , pages = {873--890}
    , title = {Atomic snapshots of shared memory}
    , volume = {40}
    , year = 1993
}

@inproceedings{Agarwal2010
    , author = {Agarwal, Sharad and Dunagan, John and Jain, Navendu and Saroiu, Stefan and Wolman, Alec and Bhogan, Harbinder}
    , booktitle = nsdi
    , month = apr
    , pages = {17--32}
    , title = {Volley: automated data placement for geo-distributed cloud services}
    , year = 2010
}

@article{Agarwal2013
    , archiveprefix = {arXiv}
    , arxivid = {1203.5485}
    , author = {Agarwal, Sameer and Mozafari, Barzan and Panda, Aurojit and Milner, Henry and Madden, Samuel and Stoica, Ion}
    , eprint = {1203.5485}
    , journal = eurosys
    , pages = {29}
    , title = {BlinkDB: queries with bounded errors and bounded response times on very large data}
    , year = 2013
}

@misc{Aguilera
    , author = {Aguilera, Marcos}
    , title = {Modifying Data Structures in Distributed File Systems}
}

@article{Aguilera1998
    , author = {Aguilera, Marcos K.}
    , journal = {Distributed Computing}
    , pages = {231--245}
    , title = {Failure Detection and Consensus in the Crash-Recovery Model}
    , volume = {13}
    , year = 1998
}

@inproceedings{Aguilera2007
    , author = {Aguilera, Marcos K. and Merchant, Arif and Shah, Mehul and Veitch, Alistair and Karamanolis, Christos}
    , booktitle = sosp
    , month = oct
    , number = {6}
    , pages = {159}
    , title = {Sinfonia: a new paradigm for building scalable distributed systems}
    , volume = {41}
    , year = 2007
}

@article{Aguilera2008
    , author = {Aguilera, Marcos K. and Golab, Wojciech and Shah, Mehul A.}
    , journal = pvldb
    , month = aug
    , number = {1}
    , pages = {598--609}
    , title = {A practical scalable distributed B-tree}
    , volume = {1}
    , year = 2008
}

@incollection{Almeida2004
    , author = {Almeida, Jos{\'{e}}Bacelar and Almeida, PauloS{\'{e}}rgio and Baquero, Carlos}
    , booktitle = {Distributed Computing}
    , editor = {Guerraoui, Rachid}
    , pages = {102--116}
    , title = {Bounded Version Vectors}
    , volume = {3274}
    , year = 2004
}

@inproceedings{Almeida2013
    , author = {Almeida, S{\'{e}}rgio and Leit{\~{a}}o, Jo{\~{a}}o and Rodrigues, Luis}
    , booktitle = eurosys
    , month = apr
    , pages = {85}
    , title = {ChainReaction}
    , year = 2013
}

@techreport{Almeida2013a
    , archiveprefix = {arXiv}
    , arxivid = {1307.3207}
    , author = {Almeida, Paulo S{\'{e}}rgio and Baquero, Carlos}
    , eprint = {1307.3207}
    , month = jul
    , title = {Scalable Eventually Consistent Counters over Unreliable Networks}
    , year = 2013
}

@inproceedings{Alonso1997
    , author = {Alonso, Gustavo}
    , booktitle = {European Research Seminar on Advances in Distributed Systems (ERSADS)}
    , pages = {171--176}
    , title = {Partial Database Replication and Group Communication Primitives (Extended Abstract)}
    , year = 1997
}

@article{Alpern1985
    , author = {Alpern, B and Schneider, Fred B.}
    , journal = {Information Processing Letters}
    , number = {4}
    , pages = {181--185}
    , title = {Defining Liveness}
    , volume = {21}
    , year = 1985
}

@inproceedings{Alvaro
    , author = {Alvaro, Peter and Bailis, Peter and Conway, Neil and Hellerstein, Joseph M}
    , booktitle = socc
    , title = {Consistency Without Borders}
    , year = 2013
}

@inproceedings{Amiri2000
    , author = {Amiri, Khalil and Petrou, David and Ganger, Gregory R. and Gibson, Garth A.}
    , booktitle = usenix-atc
    , month = jun
    , title = {Dynamic function placement for data-intensive cluster computing}
    , year = 2000
}

@article{Amza1996
    , author = {Amza, Cristiana and Cox, A L and Dwarkadas, S and Keleher, P and Rajamony, R and Zwaenepoel, Willy}
    , journal = Computer
    , number = {2}
    , pages = {18--28}
    , title = {TreadMarks: shared memory computing on networks of workstations}
    , volume = {29}
    , year = 1996
}

@inproceedings{Ananthanarayanan2013
    , author = {Ananthanarayanan, Rajagopal and Basker, Venkatesh and Das, Sumit and Gupta, Ashish and Jiang, Haifeng and Qiu, Tianhao and Reznichenko, Alexey and Ryabkov, Deomid and Singh, Manpreet and Venkataraman, Shivakumar}
    , booktitle = sigmod
    , pages = {577--588}
    , title = {Photon: Fault-tolerant and Scalable Joining of Continuous Data Streams}
    , year = 2013
}

@article{Anderson1995
    , author = {Anderson, T. E. and Dahlin, M. D. and Neefe, J. M. and Patterson, D. A. and Roselli, D. S. and Wang, R. Y.}
    , journal = {ACM SIGOPS Operating Systems Review}
    , month = dec
    , number = {5}
    , pages = {109--126}
    , title = {Serverless network file systems}
    , volume = {29}
    , year = 1995
}

@incollection{Anindya1996
    , author = {{Basu, Anindya and Charron-Bost, Bernadette and Toueg}, Sam}
    , booktitle = {Distributed Algorithms}
    , editor = {{Babaoğlu, {\"{O}}zalp and Marzullo}, Keith}
    , pages = {105--122}
    , title = {Simulating reliable links with unreliable links in the presence of process crashes}
    , year = 1996
}

@article{Apers
    , author = {Apers, Peter M. G.}
    , journal = tods
    , pages = {263--304}
    , title = {Data allocation in distributed database systems}
    , volume = {13}
    , year = 1988
}

@article{Arad2012
    , author = {Arad, Cosmin and Dowling, Jim and Haridi, Seif}
    , month = dec
    , pages = {208--228}
    , title = {Message-passing concurrency for scalable, stateful, reconfigurable middleware}
    , year = 2012
}

@inproceedings{ardekani2011
    , author = {{Saeida Ardekani}, Masoud and Sutra, Pierre and Shapiro, Marc}
    , booktitle = wttm
    , month = sep
    , title = {The Impossibility of Ensuring Snapshot Isolation in Genuine Replicated STMs}
    , year = 2011
}

@inproceedings{Ardekani2012
    , author = {{Saeida Ardekani}, Masoud and Zawirski, Marek and Sutra, Pierre and Shapiro, Marc}
    , booktitle = hotcdp
    , month = apr
    , pages = {1--5}
    , title = {The space complexity of transactional interactive reads}
    , year = 2012
}

@inproceedings{Armando2008
    , author = {Armando, Alessandro and Carbone, Roberto and Compagna, Luca and Cuellar, Jorge and Tobarra, Llanos}
    , booktitle = fmse
    , pages = {1--10}
    , title = {Formal Analysis of SAML 2.0 Web Browser Single Sign-on: Breaking the SAML-based Single Sign-on for Google Apps}
    , year = 2008
}

@article{Armbrust2010
    , author = {Armbrust, Michael and Stoica, Ion and Zaharia, Matei and Fox, Armando and Griffith, Rean and Joseph, Anthony D. and Katz, Randy and Konwinski, Andy and Lee, Gunho and Patterson, David and Rabkin, Ariel}
    , journal = cacm
    , month = apr
    , number = {4}
    , pages = {50}
    , title = {A view of cloud computing}
    , volume = {53}
    , year = 2010
}

@inproceedings{Armendariz-Inigo2008
    , author = {Armend{\'{a}}riz-I{\~{n}}igo, J. E. and Mauch-Goya, A. and de Mend{\'{i}}vil, J. R. Gonz{\'{a}}lez and Mu{\~{n}}oz-Esco{\'{i}}, F. D.}
    , booktitle = sac
    , pages = {2181--2185}
    , title = {SIPRe: a partial database replication protocol with SI replicas}
    , year = 2008
}

@book{Armendariz-Inigo:2008:SPD:1363686.1364207
    , author = {Armend{\'{a}}riz-I{\~{n}}igo, J. E. and Mauch-Goya, A. and de Mend{\'{i}}vil, J. R. Gonz{\'{a}}lez and Mu{\~{n}}oz-Esco{\'{i}}, F. D.}
    , booktitle = {Proceedings of the 2008 ACM symposium on Applied computing - SAC '08}
    , pages = {2181}
    , title = {SIPRe: a partial database replication protocol with SI replicas}
    , year = 2008
}

@inproceedings{Attiya2009
    , author = {Attiya, Hagit and Hillel, Eshcar and Milani, Alessia}
    , booktitle = spaa
    , month = aug
    , pages = {69}
    , title = {Inherent limitations on disjoint-access parallel implementations of transactional memory}
    , year = 2009
}

@inproceedings{Bailis
    , author = {Bailis, Peter and Fekete, Alan and Ghodsi, Ali and Hellerstein, Joseph M and Stoica, Ion and Berkeley, U C}
    , booktitle = {14th Workshop on Hot Topics in Operating Systems}
    , title = {HAT , not CAP : Towards Highly Available Transactions}
    , year = 2013
}

@inproceedings{Bailis2012
    , author = {Bailis, Peter and Fekete, Alan D. and Ghodsi, Ali and Hellerstein, Joseph M. and Stoica, Ion}
    , booktitle = socc
    , month = oct
    , pages = {1--7}
    , title = {The potential dangers of causal consistency and an explicit solution}
    , year = 2012
}

@techreport{Bailis2014
    , archiveprefix = {arXiv}
    , arxivid = {arXiv:1402.2237v2}
    , author = {Bailis, Peter and Fekete, Alan and Franklin, Michael J. and Ghodsi, Ali and Hellerstein, Joseph M and Stoica, Ion}
    , eprint = {arXiv:1402.2237v2}
    , title = {Coordination-Avoiding Database Systems}
    , year = 2014
}

@article{Bailis2014a
    , author = {Bailis, Peter and Davidson, Aaron and Fekete, Alan and Ghodsi, Ali and Hellerstein, Joseph M and Stoica, Ion}
    , journal = pvldb
    , pages = {181--192}
    , title = {Highly Available Transactions : Virtues and Limitations}
    , volume = {7}
    , year = 2014
}

@inproceedings{Bailis2014b
    , author = {Bailis, Peter and Fekete, Alan and Ghodsi, Ali and Hellerstein, Joseph M and Stoica, Ion}
    , booktitle = sigmod
    , title = {Scalable atomic visibility with RAMP Transactions}
    , year = 2014
}

@inproceedings{Baker2011
    , author = {Baker, Jason and Bond, Chris and Corbett, James C and Furman, J J and Khorlin, Andrey and Larson, James and L, Jean-michel and Li, Yawei and Lloyd, Alexander and Yushprakh, Vadim}
    , booktitle = CIDR
    , pages = {223--234}
    , title = {Megastore : Providing Scalable , Highly Available Storage for Interactive Services}
    , year = 2011
}

@inproceedings{Balakrishnan2013
    , author = {Balakrishnan, Mahesh and Zuck, Aviad and Malkhi, Dahlia and Wobber, Ted and Wu, Ming and Prabhakaran, Vijayan and Wei, Michael and Davis, John D. and Rao, Sriram and Zou, Tao}
    , booktitle = sosp
    , month = nov
    , pages = {325--340}
    , title = {Tango}
    , year = 2013
}

@inproceedings{Balazinska2008
    , author = {Balazinska, Magdalena and Balakrishnan, Hari and Madden, Samuel R. and Stonebraker, Michael}
    , booktitle = sigmod
    , pages = {13--24}
    , title = {Fault-tolerance in the borealis distributed stream processing system}
    , year = 2008
}

@inproceedings{Baldoni1999
    , author = {Baldoni, Roberto and Quaglia, Francesco and Raynal, Michel}
    , booktitle = europar
    , month = aug
    , pages = {450--458}
    , title = {Distributed Database Checkpointing}
    , volume = {1685}
    , year = 1999
}

@article{Baldoni2001
    , author = {Baldoni, Roberto and Cioffi, Giacomo and H{\'{e}}lary, Jean-Michel and Raynal, Michel}
    , journal = {Comput. Syst. Sci. Eng.}
    , number = {1}
    , pages = {43--49}
    , title = {Direct dependency-based determination of consistent global checkpoints}
    , volume = {16}
    , year = 2001
}

@article{Barbar-Mill1994
    , author = {Barbar{\'{a}}-Mill{\'{a}}, Daniel and Garcia-Molina, Hector}
    , journal = {The VLDB Journal}
    , month = jul
    , number = {3}
    , pages = {325--353}
    , title = {The demarcation protocol: A technique for maintaining constraints in distributed database systems}
    , volume = {3}
    , year = 1994
}

@inproceedings{Barreto2010
    , author = {Barreto, Jo{\~{a}}o and Ferreira, Paulo}
    , month = aug
    , pages = {503--515}
    , title = {Meaningful metrics for evaluating eventual consistency}
    , year = 2010
}

@inproceedings{Battre2010
    , author = {Battr{\'{e}}, Dominic and Ewen, Stephan and Hueske, Fabian and Kao, Odej}
    , booktitle = socc
    , pages = {119--130}
    , title = {Nephele / PACTs : A Programming Model and Execution Framework for Web-Scale Analytical Processing Categories and Subject Descriptors}
    , year = 2010
}

@article{Baumann2009
    , author = {Baumann, Andrew and Barham, Paul and Dagand, Pierre-Evariste and Harris, Tim and Isaacs, Rebecca and Peter, Simon and Roscoe, Timothy and Sch{\"{u}}pbach, Adrian and Singhania, Akhilesh}
    , journal = sosp
    , pages = {29--44}
    , title = {The multikernel: a new OS architecture for scalable multicore systems}
    , year = 2009
}

@article{Bayer1977
    , author = {Bayer, R. and Schkolnick, M.}
    , journal = {Acta Informatica}
    , number = {1}
    , pages = {1--21}
    , title = {Concurrency of operations on B-trees}
    , volume = {9}
    , year = 1977
}

@article{Bazydo2012
    , author = {Bazyd{\l}o, Marcin and Francuzik, Szymon and Sobaniec, Cezary and Wawrzyniak, Dariusz}
    , journal = {Parallel Processing and {\ldots}}
    , pages = {20--29}
    , title = {Combining Optimistic and Pessimistic Replication}
    , year = 2012
}

@inproceedings{Belaramani2006
    , author = {Belaramani, Nalini and Dahlin, Mike and Gao, Lei and Nayate, Amol and Venkataramani, Arun and Yalagandula, Praveen and Zheng, Jiandan}
    , booktitle = nsdi
    , month = may
    , pages = {5}
    , title = {PRACTI replication}
    , year = 2006
}

@article{Benmouffok2009
    , author = {Benmouffok, L and Marqu{\`{e}}s, JM and Shapiro, M and Sutra, P}
    , title = {Telex: A Semantic Platform for Cooperative Application Development}
    , volume = {00213}
    , year = 2009
}

@inproceedings{Bent2009
    , author = {Bent, John and Gibson, Garth and Grider, Gary and {Ben McClellaand} and Nowoczynski, Paul and Nunez, James and Polte, Milo and Wingate, Meghan}
    , booktitle = sc
    , number = {c}
    , pages = {21:1--21:12}
    , title = {PLFS: A Checkpoint Filesystem for Parallel Applications}
    , year = 2009
}

@inproceedings{Berenson1995
    , author = {Berenson, Hal and Bernstein, Phil and Gray, Jim and Melton, Jim and O'Neil, Elizabeth and O'Neil, Patrick}
    , booktitle = sigmod
    , pages = {1--10}
    , title = {A critique of ANSI SQL isolation levels}
    , year = 1995
}

@book{Berenson:1995:CAS:223784.223785
    , author = {Berenson, Hal and Bernstein, Phil and Gray, Jim and Melton, Jim and O'Neil, Elizabeth and O'Neil, Patrick}
    , booktitle = {Proceedings of the 1995 ACM SIGMOD international conference on Management of data - SIGMOD '95}
    , pages = {1--10}
    , title = {A critique of ANSI SQL isolation levels}
    , year = 1995
}

@incollection{Bernabe-Gisbert2006
    , author = {Bernab{\'{e}}-Gisbert, JosepM. and Salinas-Monteagudo, Ra{\'{u}}l and Ir{\'{u}}n-Briz, Luis and Mu{\~{n}}oz-Esco{\'{i}}, FrancescD.}
    , booktitle = {Parallel and Distributed Processing and Applications}
    , editor = {Guo, Minyi and Yang, LaurenceT. and Martino, Beniamino and Zima, HansP. and Dongarra, Jack and Tang, Feilong}
    , pages = {511--523}
    , title = {Managing Multiple Isolation Levels in Middleware Database Replication Protocols}
    , volume = {4330}
    , year = 2006
}

@inproceedings{Bernabe-Gisbert2008
    , author = {Bernab{\'{e}}-Gisbert, Josep M. and Zuikeviciute, Vaid{\`{e}} and Mu{\~{n}}oz-Esco{\'{i}}, Francesc Daniel and Pedone, Fernando}
    , booktitle = srds
    , month = oct
    , pages = {249--258}
    , title = {A Probabilistic Analysis of Snapshot Isolation with Partial Replication}
    , year = 2008
}

@article{Bernstein1983
    , author = {Bernstein, Philip A. and Goodman, Nathan}
    , journal = tods
    , month = dec
    , number = {4}
    , pages = {465--483}
    , title = {Multiversion concurrency control---theory and algorithms}
    , volume = {8}
    , year = 1983
}

@book{Bernstein1986
    , author = {Bernstein, Philip A and Hadzilacos, Vassos and Goodman, Nathan}
    , month = jul
    , title = {Concurrency control and recovery in database systems}
    , year = 1986
}

@book{Bernstein1987
    , author = {Bernstein, Philip and Radzilacos, Vassos and Hadzilacos, Vassos}
    , pages = {370}
    , title = {Concurrency Control and Recovery in Database Systems}
    , year = 1987
}

@techreport{Bernstein2014
    , author = {Bernstein, Philip A and Bykov, Sergey and Geller, Alan and Kliot, Gabriel and Thelin, Jorgen}
    , institution = {Microsoft Research}
    , title = {Orleans : Distributed Virtual Actors for Programmability and Scalability}
    , year = 2014
}

@inproceedings{Bezerra2013
    , author = {Bezerra, Carlos Eduardo and Pedone, Fernando}
    , booktitle = icdcs
    , title = {Optimistic Atomic Multicast}
    , year = 2013
}

@inproceedings{Bieniusa2010
    , author = {Bieniusa, Annette and Fuhrmann, Thomas}
    , booktitle = ipdps
    , pages = {1--12}
    , title = {Consistency in hindsight: A fully decentralized STM algorithm}
    , year = 2010
}

@phdthesis{Bieniusa2011
    , author = {Bieniusa, Annette}
    , booktitle = Memory
    , pages = {210}
    , school = {University of Freiburg}
    , title = {Consistency, Isolation, and Irrevocability in Software Transactional Memory}
    , year = 2011
}

@article{Binnig2014
    , author = {Binnig, Carsten and Hildenbrand, Stefan and F{\"{a}}rber, Franz and Kossmann, Donald and Lee, Juchang and May, Norman}
    , journal = vldbj
    , month = jun
    , title = {Distributed snapshot isolation: global transactions pay globally, local transactions pay locally}
    , year = 2014
}

@article{Birman1987
    , author = {Birman, Ken and Joseph, Thomas A.}
    , journal = osr
    , month = nov
    , number = {5}
    , pages = {123--138}
    , title = {Exploiting virtual synchrony in distributed systems}
    , volume = {21}
    , year = 1987
}

@article{Birman1987a
    , author = {Birman, Ken and Joseph, Thomas A.}
    , journal = tocs
    , month = jan
    , number = {1}
    , pages = {47--76}
    , title = {Reliable communication in the presence of failures}
    , volume = {5}
    , year = 1987
}

@article{Birman1991
    , author = {Birman, Ken and Cooper, Robert}
    , journal = osr
    , month = apr
    , number = {2}
    , pages = {103--107}
    , title = {The ISIS project}
    , volume = {25}
    , year = 1991
}

@article{Birman2009
    , author = {Birman, Ken and Chockler, Gregory and van Renesse, Robbert}
    , journal = {ACM SIGACT News}
    , month = jun
    , number = {2}
    , pages = {68}
    , title = {Toward a cloud computing research agenda}
    , volume = {40}
    , year = 2009
}

@techreport{Birman2010
    , author = {Birman, Ken and Malkhi, Dahlia}
    , month = nov
    , pages = {1--33}
    , title = {Virtually Synchronous Methodology for Dynamic Service Replication}
    , year = 2010
}

@article{Blasgen1979
    , author = {Blasgen, Mike and Gray, Jim and Mitoma, Mike and Price, Tom}
    , journal = osr
    , month = apr
    , number = {2}
    , pages = {20--25}
    , title = {The convoy phenomenon}
    , volume = {13}
    , year = 1979
}

@inproceedings{Bocchino2008
    , author = {Bocchino, Robert L. and Adve, Vikram S. and Chamberlain, Bradford L.}
    , booktitle = ppopp
    , pages = {247}
    , title = {Software transactional memory for large scale clusters}
    , year = 2008
}

@article{Boichat2005
    , author = {Boichat, R}
    , journal = jpdc
    , month = apr
    , number = {4}
    , pages = {397--413}
    , title = {Reliable and total order broadcast in the crash-recovery model}
    , volume = {65}
    , year = 2005
}

@article{Bolosky2011
    , author = {Bolosky, William J. and Bradshaw, Dexter and Haagens, Randolph B. and Kusters, Norbert P. and Li, Peng}
    , month = mar
    , pages = {11}
    , title = {Paxos replicated state machines as the basis of a high-performance data store}
    , year = 2011
}

@article{Bonvin2010
    , author = {Bonvin, Nicolas and Papaioannou, Thanasis G and Aberer, Karl}
    , journal = Geographical
    , pages = {205--216}
    , title = {A Self-Organized , Fault-Tolerant and Scalable Replication Scheme for Cloud Storage Categories and Subject Descriptors}
    , year = 2010
}

@inproceedings{Boutin2014
    , author = {Boutin, Eric and Ekanayake, Jaliya and Lin, Wei and Shi, Bing and Zhou, Jingren and Qian, Zhengping and Wu, Ming and Zhou, Lidong}
    , booktitle = osdi
    , pages = {285--300}
    , title = {Apollo: Scalable and Coordinated Scheduling for Cloud-Scale Computing}
    , year = 2014
}

@inproceedings{Boyapati2002
    , author = {Boyapati, Chandrasekhar and Lee, Robert and Rinard, Martin}
    , booktitle = oopsla
    , number = {November}
    , pages = {211}
    , title = {Ownership types for safe programming}
    , volume = {37}
    , year = 2002
}

@inproceedings{Braun2013
    , author = {Braun, Benjamin and Feldman, Ariel J. and Ren, Zuocheng and Setty, Srinath and Blumberg, Andrew J. and Walfish, Michael}
    , booktitle = sosp
    , month = nov
    , pages = {341--357}
    , title = {Verifying computations with state}
    , year = 2013
}

@inproceedings{Braun2015
    , author = {Braun, Lucas and Etter, Thomas and Gasparis, Georgios and Kaufmann, Martin and Kossmann, Donald and Widmer, Daniel and Avitzur, Aharon and Iliopoulos, Anthony and Levy, Eliezer and Liang, Ning}
    , booktitle = sigmod
    , title = {Analytics in Motion Database Categories and Subject Descriptors}
    , year = 2015
}

@inproceedings{Brewer2000
    , author = {Brewer, Eric A.}
    , booktitle = podc
    , month = jul
    , pages = {7}
    , title = {Towards robust distributed systems (abstract)}
    , year = 2000
}

@article{Brewer2012
    , author = {Brewer, E.}
    , journal = Computer
    , language = {English}
    , month = feb
    , number = {2}
    , pages = {23--29}
    , title = {CAP twelve years later: How the "rules" have changed}
    , volume = {45}
    , year = 2012
}

@article{Brzezinski2004
    , author = {Brzezinski, J and Sobaniec, C and Wawrzyniak, D}
    , journal = {Euromicro Conf. {\ldots}}
    , title = {From session causality to causal consistency}
    , year = 2004
}

@article{Brzezinski2004a
    , author = {Brzezinski, J and Sobaniec, C and Wawrzyniak, D}
    , journal = {Proc. of 12th Euromicro Conf. {\ldots}}
    , title = {From session causality to causal consistency}
    , year = 2004
}

@techreport{Burckhardt
    , author = {Burckhardt, Sebastian}
    , institution = {Microsoft}
    , title = {Understanding Eventual Consistency}
}

@book{Burckhardt2014
    , author = {Burckhardt, Sebastian}
    , booktitle = {Principles of Eventual Consistency}
    , number = {1-2}
    , pages = {1--150}
    , title = {Principles of Eventual Consistency}
    , volume = {1}
    , year = 2014
}

@inproceedings{Bykov2011
    , author = {Bykov, Sergey and Geller, Alan and Kliot, Gabriel and Larus, James R and Pandya, Ravi and Thelin, Jorgen}
    , booktitle = socc
    , title = {Orleans : Cloud Computing for Everyone}
    , year = 2011
}

@book{Cachin2011
    , author = {Cachin, Christian and Guerraoui, Rachid and Rodrigues, Luis}
    , pages = {I--367}
    , title = {Introduction to Reliable and Secure Distributed Programming}
    , year = 2011
}

@inproceedings{Cahill2008
    , author = {Cahill, Michael J. and R{\"{o}}hm, Uwe and Fekete, Alan D.}
    , booktitle = sigmod
    , month = jun
    , pages = {729}
    , title = {Serializable isolation for snapshot databases}
    , year = 2008
}

@inproceedings{Calder2011
    , author = {Calder, Brad and Simitci, Huseyin and Haridas, Jaidev and Uddaraju, Chakravarthy and Khatri, Hemal and Edwards, Andrew and Bedekar, Vaman and Mainali, Shane and Abbasi, Rafay and Agarwal, Arpit and ul Haq, Mian Fahim and Wang, Ju and ul Haq, Muhammad Ikram and Bhardwaj, Deepali and Dayanand, Sowmya and Adusumilli, Anitha and McNett, Marvin and Sankaran, Sriram and Manivannan, Kavitha and Rigas, Leonidas and Ogus, Aaron and Nilakantan, Niranjan and Skjolsvold, Arild and McKelvie, Sam and Xu, Yikang and Srivastav, Shashwat and Wu, Jiesheng}
    , booktitle = sosp
    , month = oct
    , pages = {143--157}
    , title = {Windows Azure Storage}
    , year = 2011
}

@inproceedings{Camargos2007
    , author = {Camargos, L{\'{a}}saro and Pedone, Fernando and Wieloch, Marcin}
    , booktitle = eurosys
    , pages = {385--398}
    , title = {Sprint: A Middleware for High-performance Transaction Processing}
    , year = 2007
}

@inproceedings{Carney2002
    , author = {Carney, Don and Cherniack, Mitch and Convey, Christian and Lee, Sangdon and Seidman, Greg and Stonebraker, Michael and Zdonik, Stan}
    , booktitle = Vldb
    , pages = {215--226}
    , pmid = {3275789374745910740}
    , title = {Monitoring Streams – A New Class of Data Management Applications}
    , year = 2002
}

@inproceedings{Carvalho2011
    , author = {Carvalho, Nuno and Romano, Paolo and Rodrigues, Luis}
    , booktitle = {2011 IEEE 10th International Symposium on Network Computing and Applications}
    , language = {English}
    , month = aug
    , pages = {271--274}
    , title = {A Generic Framework for Replicated Software Transactional Memories}
    , year = 2011
}

@inproceedings{Carvalho2011a
    , author = {Carvalho, Nuno and Romano, Paolo and Rodrigues, Luis}
    , booktitle = {Proceedings of the 4th Annual International Conference on Systems and Storage - SYSTOR '11}
    , month = may
    , pages = {1}
    , title = {SCert}
    , year = 2011
}

@inproceedings{Cecchet2004
    , author = {Cecchet, Emmanuel and Marguerite, Julie and Zwaenepoel, Willy}
    , booktitle = usenix-atc
    , month = jun
    , pages = {9--18}
    , title = {C-JDBC: flexible database clustering middleware}
    , year = 2004
}

@inproceedings{Cecchet2011
    , author = {Cecchet, Emmanuel and Udayabhanu, Veena and Wood, Timothy and Shenoy, Prashant}
    , booktitle = {USENIX conference on Web application development}
    , month = jun
    , pages = {4}
    , title = {BenchLab: an open testbed for realistic benchmarking of web applications}
    , year = 2011
}

@unpublished{Cerone
    , author = {Cerone, Andrea}
    , title = {Formalising and Optimising Parallel Snapshot Isolation}
}

@inproceedings{Cerone2015
    , author = {Cerone, Andrea and Bernardi, Giovanni and Gotsman, Alexey}
    , booktitle = concur
    , number = {Concur}
    , pages = {58--71}
    , title = {A Framework for Transactional Consistency Models with Atomic Visibility}
    , year = 2015
}

@article{Chairunnanda2014
    , author = {Chairunnanda, Prima and Daudjee, Khuzaima and Ozsu, M Tamer}
    , journal = vldb
    , number = {11}
    , pages = {947--958}
    , title = {ConfluxDB : Multi-Master Replication for Partitioned Snapshot Isolation Databases}
    , volume = {7}
    , year = 2014
}

@inproceedings{Chakrabarti2014
    , author = {Chakrabarti, Dhruva R. and Boehm, Hans-J. and Bhandari, Kumud}
    , booktitle = oopsla
    , month = oct
    , pages = {433--452}
    , title = {Atlas: leveraging locks for non-volatile memory consistency}
    , year = 2014
}

@inproceedings{Chakrabarti:2014:ALL:2660193.2660224
    , author = {Chakrabarti, Dhruva R and Boehm, Hans-J. and Bhandari, Kumud}
    , booktitle = oopsla
    , pages = {433--452}
    , title = {Atlas: Leveraging Locks for Non-volatile Memory Consistency}
    , year = 2014
}

@inproceedings{Chambers2010
    , author = {Chambers, Craig and Raniwala, Ashish and Perry, Frances}
    , booktitle = pldi
    , pages = {363--375}
    , title = {FlumeJava: easy, efficient data-parallel pipelines}
    , year = 2010
}

@article{Chan1985
    , author = {Chan, A. and Gray, R.}
    , journal = ieeese
    , month = feb
    , number = {2}
    , pages = {205--212}
    , title = {Implementing Distributed Read-Only Transactions}
    , volume = {SE-11}
    , year = 1985
}

@article{Chandra1996
    , author = {Chandra, Tushar Deepak and Toueg, Sam}
    , journal = jacm
    , month = mar
    , number = {2}
    , pages = {225--267}
    , title = {Unreliable failure detectors for reliable distributed systems}
    , volume = {43}
    , year = 1996
}

@inproceedings{Chandrasekaran2003
    , author = {Chandrasekaran, Sirish and Cooper, Owen and Deshpande, Amol and Franklin, Michael J and Hellerstein, Joseph M and Hong, Wei and Krishnamurthy, Sailesh and Madden, Sam and Raman, Vijayshankar and Reiss, Fred and Shah, Mehul}
    , booktitle = cidr
    , number = {March}
    , pages = {668}
    , pmid = {857010715403872376}
    , title = {TelegraphCQ: Continuous Dataflow Processing for an Uncertain World}
    , volume = {20}
    , year = 2003
}

@article{Chandy1985
    , author = {Chandy, K. Mani and Lamport, Leslie}
    , journal = tocs
    , month = feb
    , number = {1}
    , pages = {63--75}
    , title = {Distributed snapshots: determining global states of distributed systems}
    , volume = {3}
    , year = 1985
}

@article{Chang2008
    , author = {Chang, Fay and Dean, Jeffrey and Ghemawat, Sanjay and Hsieh, Wilson C. and Wallach, Deborah A. and Burrows, Mike and Chandra, Tushar and Fikes, Andrew and Gruber, Robert E.}
    , journal = tocs
    , month = jun
    , number = {2}
    , pages = {1--26}
    , title = {Bigtable: A Distributed Storage System for Structured Data}
    , volume = {26}
    , year = 2008
}

@inproceedings{ChaoXie2015
    , author = {{Chao Xie} and Su, Chunzhi and Littley, Cody and Alvisi, Lorenzo and Kapritsos, Manos and Wang, Yang}
    , booktitle = sosp
    , pages = {279--294}
    , title = {High-Performance ACID via Modular Concurrency Control}
    , year = 2015
}

@article{Charron-Bost1991
    , author = {Charron-Bost, B}
    , journal = {Information Processing Letters}
    , month = jul
    , number = {1}
    , pages = {11--16}
    , title = {Concerning the size of logical clocks in distributed systems}
    , volume = {39}
    , year = 1991
}

@book{Charron-Bost2010
    , editor = {Charron-Bost, Bernadette and Pedone, Fernando and Schiper, Andr{\'{e}}}
    , title = {Replication}
    , volume = {5959}
    , year = 2010
}

@article{Chaudhuri2007
    , author = {Chaudhuri, Surajit and Das, Gautam and Narasayya, Vivek}
    , journal = tods
    , number = {2}
    , title = {Optimized Stratified Sampling for Approximate Query Processing}
    , volume = {32}
    , year = 2007
}

@article{Chen2011
    , author = {Chen, Shimin and Ailamaki, Anastasia and Athanassoulis, Manos and Gibbons, Phillip B. and Johnson, Ryan and Pandis, Ippokratis and Stoica, Radu}
    , journal = {ACM SIGMOD Record}
    , month = feb
    , number = {3}
    , pages = {5}
    , title = {TPC-E vs. TPC-C}
    , volume = {39}
    , year = 2011
}

@article{Chen2012
    , author = {Chen, Yanpei and Alspaugh, Sara and Katz, Randy}
    , journal = pvldb
    , month = aug
    , number = {12}
    , pages = {1802--1813}
    , title = {Interactive analytical processing in big data systems}
    , volume = {5}
    , year = 2012
}

@article{Chen2012a
    , archiveprefix = {arXiv}
    , arxivid = {arXiv:1208.4174v1}
    , author = {Chen, Yanpei and Alspaugh, Sara and Katz, Randy}
    , eprint = {arXiv:1208.4174v1}
    , journal = pvldb
    , number = {12}
    , pages = {1802--1813}
    , title = {Interactive analytical processing in big data systems: a cross-industry study of MapReduce workloads}
    , volume = {5}
    , year = 2012
}

@inproceedings{Chen2015
    , author = {Chen, Haogang and Ziegler, Daniel and Chajed, Tej and Chlipala, Adam and Kaashoek, M Frans and Zeldovich, Nickolai}
    , booktitle = sosp
    , pages = {18--37}
    , title = {Using Crash Hoare Logic for Certifying the FSCQ File System}
    , year = 2015
}

@inproceedings{Cherniack2003
    , author = {Cherniack, M and Balakrishnan, H and Balazinska, M and Carney, D and Cetintemel, U and Xing, Y and Zdonik, S}
    , booktitle = cidr
    , pages = {257--268}
    , title = {Scalable distributed stream processing}
    , volume = {3}
    , year = 2003
}

@inproceedings{Chew1991
    , author = {Chew, Paul and Marzullo, K}
    , booktitle = srds
    , month = sep
    , pages = {32--41}
    , title = {Masking failures of multidimensional sensors}
    , year = 1991
}

@inproceedings{Chidambaram2013
    , author = {Chidambaram, Vijay and Pillai, Thanumalayan Sankaranarayana and Arpaci-Dusseau, Andrea C. and Arpaci-Dusseau, Remzi H.}
    , booktitle = sosp
    , month = nov
    , pages = {228--243}
    , title = {Optimistic crash consistency}
    , year = 2013
}

@inproceedings{Chuang2013
    , author = {Chuang, W.-C. and Sang, Bo and Yoo, Sunghwan and Gu, Rui and Kulkarni, Milind and Killian, Charles}
    , booktitle = socc
    , title = {Event wave: Programming model and runtime support for tightly-coupled elastic cloud applications}
    , year = 2013
}

@inproceedings{Chun2012
    , author = {Chun, Byung-gon and Shraer, Alexander and Curino, Carlo and Madden, Samuel and Sears, Russell}
    , booktitle = mobisys
    , pages = {141--153}
    , title = {Mobius : Unified Messaging and Data Serving for Mobile Apps Categories and Subject Descriptors}
    , year = 2012
}

@inproceedings{Cipar2012
    , author = {Cipar, James and Ganger, Greg and Keeton, Kimberly and Morrey, Charles B. and Soules, Craig A.N. and Veitch, Alistair}
    , booktitle = eurosys
    , month = apr
    , pages = {169}
    , title = {LazyBase}
    , year = 2012
}

@article{Clarke2013
    , author = {Clarke, Dave and {\"{O}}stlund, Johan and Sergey, Ilya and Wrigstad, Tobias}
    , journal = {Lecture Notes in Computer Science (including subseries Lecture Notes in Artificial Intelligence and Lecture Notes in Bioinformatics)}
    , pages = {15--58}
    , title = {Ownership types: A survey}
    , volume = {7850}
    , year = 2013
}

@phdthesis{Clement2010
    , author = {Clement, Allen Grogan}
    , school = {The University of Texas at Austin}
    , title = {UpRight Fault Tolerance}
    , year = 2010
}

@inproceedings{Clements2013
    , author = {Clements, Austin T. and Kaashoek, M. Frans and Zeldovich, Nickolai and Morris, Robert T. and Kohler, Eddie}
    , booktitle = sosp
    , month = nov
    , pages = {1--17}
    , title = {The scalable commutativity rule}
    , year = 2013
}

@book{Co-investigator2013
    , archiveprefix = {arXiv}
    , arxivid = {arXiv:1011.1669v3}
    , author = {Blandy, Jim}
    , eprint = {arXiv:1011.1669v3}
    , pages = {1689--1699}
    , pmid = {25246403}
    , title = {Why Rust?}
    , volume = {53}
    , year = 2013
}

@inproceedings{Coelho2014
    , author = {Coelho, Fabio Andre Castanheira Luis and Cruz, Francisco Miguel Barros Da and Vilaca, Ricardo Manuel Pereira and Pereira, Jose Orlando and Oliveira, Rui Carlos Mendes De}
    , booktitle = srds
    , pages = {115--124}
    , title = {pH1: A Transactional Middleware for NoSQL}
    , year = 2014
}

@inproceedings{CollinLee2015
    , author = {{Collin Lee} and {Seo Jin Park} and Kejriwal, Ankita and Matsushita, Satoshi and Ousterhout, John}
    , booktitle = sosp
    , pages = {1--13}
    , title = {Implementing Linearizability at Large Scale and Low Latency}
    , year = 2015
}

@article{Conway2012
    , author = {Conway, Neil and Marczak, William and Alvaro, Peter and Hellerstein, JM}
    , title = {Logic and Lattices for Distributed Programming}
    , year = 2012
}

@article{Cooper2008
    , author = {Cooper, Brian F. and Ramakrishnan, Raghu and Srivastava, Utkarsh and Silberstein, Adam and Bohannon, Philip and Jacobsen, Hans-Arno and Puz, Nick and Weaver, Daniel and Yerneni, Ramana}
    , journal = pvldb
    , month = aug
    , number = {2}
    , pages = {1277--1288}
    , title = {PNUTS: Yahoo!'s hosted data serving platform}
    , volume = {1}
    , year = 2008
}

@inproceedings{Cooper2010
    , author = {Cooper, Brian F. and Silberstein, Adam and Tam, Erwin and Ramakrishnan, Raghu and Sears, Russell}
    , booktitle = socc
    , pages = {143--154}
    , title = {Benchmarking Cloud Serving Systems with YCSB}
    , year = 2010
}

@inproceedings{Cooper2011
    , author = {Cooper, Gregory}
    , booktitle = sosp
    , pages = {129--142}
    , pmid = {15908179}
    , title = {Thialfi : A Client Notification Service for Internet-Scale Applications}
    , year = 2011
}

@inproceedings{Corbett2012
    , author = {Corbett, James C and Dean, Jeffrey and Epstein, Michael and Fikes, Andrew and Frost, Christopher and Furman, J J and Ghemawat, Sanjay and Gubarev, Andrey and Heiser, Christopher and Hochschild, Peter and Hsieh, Wilson and Kanthak, Sebastian and Kogan, Eugene and Li, Hongyi and Lloyd, Alexander and Melnik, Sergey and Mwaura, David and Nagle, David and Quinlan, Sean and Rao, Rajesh and Rolig, Lindsay and Saito, Yasushi and Szymaniak, Michal and Taylor, Christopher and Wang, Ruth and Woodford, Dale}
    , booktitle = osdi
    , pages = {251--264}
    , title = {Spanner: Google's Globally-Distributed Database}
    , year = 2012
}

@inproceedings{Costa2011
    , author = {Costa, Pedro and Pasin, Marcelo and Bessani, Alysson N. and Correia, Miguel}
    , booktitle = cloudcom
    , pages = {32--39}
    , title = {Byzantine Fault-Tolerant MapReduce: Faults are Not Just Crashes}
    , year = 2011
}

@inproceedings{Coulon2005
    , author = {Coulon, Cedric and Pacitti, Esther and Valduriez, Patrick}
    , booktitle = icpads
    , language = {English}
    , month = jul
    , pages = {809--815}
    , title = {Consistency Management for Partial Replication in a High Performance Database Cluster}
    , volume = {1}
    , year = 2005
}

@book{Coulouris
    , author = {Coulouris, George and Dollimore, Jean and Kindberg, Tim and Blair, Gordon}
    , title = {DISTRIBUTED SYSTEMS Concepts and Design}
}

@inproceedings{Cowling2012
    , author = {Cowling, James and Liskov, Barbara}
    , booktitle = usenix-atc
    , month = jun
    , pages = {223--235}
    , title = {Granola: Low-Overhead Distributed Transaction Coordination}
    , year = 2012
}

@phdthesis{Cowling2012b
    , author = {Cowling, James}
    , number = {2007}
    , title = {Low-Overhead Distributed Transaction Coordination by}
    , year = 2012
}

@article{Crain2010
    , author = {Crain, Tyler and Imbs, Damien and Raynal, Michel}
    , month = nov
    , title = {Read invisibility, virtual world consistency and permissiveness are compatible}
    , year = 2010
}

@inproceedings{Crain2013
    , author = {Crain, Tyler and Gramoli, Vincent and Raynal, Michel}
    , booktitle = icdcs
    , language = {English}
    , month = jul
    , pages = {196--205}
    , title = {No Hot Spot Non-blocking Skip List}
    , year = 2013
}

@article{Cristian1989
    , author = {Cristian, Flaviu}
    , journal = {Distributed Computing}
    , month = sep
    , number = {3}
    , pages = {146--158}
    , title = {Probabilistic clock synchronization}
    , volume = {3}
    , year = 1989
}

@inproceedings{Cui2015
    , author = {Cui, Heming and Gu, Rui and Liu, Cheng and Chen, Tianyu and Yang, Junfeng}
    , booktitle = sosp
    , pages = {105--120}
    , title = {PAXOS Made Transparent Heming}
    , year = 2015
}

@inproceedings{Culhane2014
    , author = {Culhane, William and Jayaram, K. R. and Eugster, Patrick}
    , booktitle = Middleware
    , title = {Fast , Expressive Top- k Matching ∗}
    , year = 2014
}

@techreport{Danvy2011
    , author = {Danvy, Olivier}
    , number = {July}
    , title = {Definitions}
    , volume = {3}
    , year = 2011
}

@inproceedings{Das2010
    , author = {Das, Sudipto and Agrawal, Divyakant and {El Abbadi}, Amr}
    , booktitle = socc
    , month = jun
    , pages = {163}
    , title = {G-Store: A Scalable Data Store for Transactional Multi key Access in the Cloud}
    , year = 2010
}

@article{Das2011
    , author = {Das, Sudipto and Nishimura, Shoji and Agrawal, Divyakant and {El Abbadi}, Amr}
    , journal = vldb
    , month = may
    , number = {8}
    , pages = {494--505}
    , title = {Albatross: lightweight elasticity in shared storage databases for the cloud using live data migration}
    , volume = {4}
    , year = 2011
}

@article{Das2013
    , author = {Das, Sudipto and Agrawal, Divyakant and {El Abbadi}, Amr}
    , journal = tods
    , pages = {5:1--5:45}
    , title = {ElasTraS: An Elastic, Scalable, and Self Managing Transactional Database for the Cloud}
    , volume = {38}
    , year = 2013
}

@book{Database
    , author = {Ozsu, Tamer and Valduriez, Patrick}
    , title = {Principles of Distributed Database Systems}
}

@inproceedings{Daudjee2006
    , author = {Daudjee, Khuzaima and Salem, Kenneth}
    , booktitle = vldb
    , pages = {715--726}
    , title = {Lazy database replication with snapshot isolation}
    , year = 2006
}

@inproceedings{David2013
    , author = {David, Tudor and Guerraoui, Rachid and Trigonakis, Vasileios}
    , booktitle = sosp
    , month = nov
    , pages = {33--48}
    , title = {Everything you always wanted to know about synchronization but were afraid to ask}
    , year = 2013
}

@inproceedings{Dawson-haggerty2013
    , author = {Dawson-haggerty, Stephen and Krioukov, Andrew and Taneja, Jay and Karandikar, Sagar and Fierro, Gabe and Kitaev, Nikita and Culler, David}
    , booktitle = nsdi
    , pages = {1--15}
    , title = {BOSS: building operating system services}
    , year = 2013
}

@inproceedings{DBLP:conf/cidr/BernsteinRD11
    , author = {Bernstein, Philip A and Reid, Colin W and Das, Sudipto}
    , booktitle = CIDR
    , pages = {9--20}
    , title = {Hyder - A Transactional Record Manager for Shared Flash}
    , year = 2011
}

@inproceedings{Dean2004
    , archiveprefix = {arXiv}
    , arxivid = {10.1.1.163.5292}
    , author = {Dean, Jeffrey and Ghemawat, Sanjay}
    , booktitle = osdi
    , eprint = {10.1.1.163.5292}
    , pages = {137--149}
    , pmid = {11687618}
    , title = {MapReduce: Simplied Data Processing on Large Clusters}
    , year = 2004
}

@article{Dean2008
    , author = {Dean, Jeffrey and Ghemawat, Sanjay}
    , journal = cacm
    , month = jan
    , number = {1}
    , pages = {107}
    , title = {MapReduce}
    , volume = {51}
    , year = 2008
}

@inproceedings{DeCandia2007
    , author = {DeCandia, Giuseppe and Hastorun, Deniz and Jampani, Madan and Kakulapati, Gunavardhan and Lakshman, Avinash and Pilchin, Alex and Sivasubramanian, Swaminathan and Vosshall, Peter and Vogels, Werner}
    , booktitle = sosp
    , number = {6}
    , organization = {New York, NY, USA}
    , pages = {205--220}
    , title = {Dynamo: amazon's highly available key-value store}
    , volume = {41}
    , year = 2007
}

@article{Defago2004
    , author = {D{\'{e}}fago, Xavier and Schiper, Andr{\'{e}} and Urb{\'{a}}n, P{\'{e}}ter}
    , journal = csur
    , month = dec
    , number = {4}
    , pages = {372--421}
    , title = {Total order broadcast and multicast algorithms: Taxonomy and survey}
    , volume = {36}
    , year = 2004
}

@inproceedings{Demirbas
    , author = {Demirbas, Murat and Kulkarni, Sandeep}
    , booktitle = ladis
    , pages = {1--5}
    , title = {Beyond TrueTime : Using AugmentedTime for Improving Spanner}
    , year = 2013
}

@inproceedings{Dias2011
    , author = {Dias, Ricardo J and Louren{\c{c}}o, Jo{\~{a}}o M and Pregui{\c{c}}a, Nuno}
    , booktitle = hotpar
    , title = {Efficient and Correct Transactional Memory Programs Combining Snapshot Isolation and Static Analysis}
    , year = 2011
}

@article{Dietl2008
    , author = {Dietl, Werner and Muller, P.}
    , journal = {Foundations of Object-Oriented Languages (FOOL)}
    , number = {1}
    , title = {Ownership type systems and dependent classes}
    , year = 2008
}

@article{Dijkstra1978
    , author = {Dijkstra, Edsger W. and Lamport, Leslie and Martin, a. J. and Scholten, C. S. and Steffens, E. F. M.}
    , journal = {Communications of the ACM}
    , month = nov
    , number = {11}
    , pages = {966--975}
    , title = {On-the-fly garbage collection: an exercise in cooperation}
    , volume = {21}
    , year = 1978
}

@inproceedings{Divyakant2013
    , author = {Agrawal, Divyakant and {El Abbadi}, Amr and Wang, Shiyuan}
    , booktitle = icde
    , pages = {1268--1271}
    , title = {Secure and privacypreserving Data Services in the Cloud: A data centric view}
    , year = 2013
}

@inproceedings{Dixon2012
    , author = {Dixon, Colin and Mahajan, Ratul and Agarwal, Sharad and Brush, A.J. and Lee, Bongshin and Saroiu, Stefan and Bahl, Paramvir}
    , booktitle = nsdi
    , pages = {337--352}
    , title = {An Operating System for the Home}
    , year = 2012
}

@article{Dolev1986
    , author = {Dolev, Danny and Lynch, Nancy a. and Pinter, Shlomit S. and Stark, Eugene W. and Weihl, William E.}
    , journal = jacm
    , number = {3}
    , pages = {499--516}
    , title = {Reaching approximate agreement in the presence of faults}
    , volume = {33}
    , year = 1986
}

@inproceedings{Dolev2013
    , author = {Dolev, Danny and Lenzen, Christoph}
    , booktitle = podc
    , month = jul
    , pages = {270}
    , title = {Early-deciding consensus is expensive}
    , year = 2013
}

@article{Dongol2008
    , author = {Dongol, Brijesh and Derrick, John}
    , journal = csur
    , title = {Verifying linearizability : A comparative survey}
}

@article{Doulkeridis2014
    , author = {Doulkeridis, Christos and N{\o}rv{\aa}g, Kjetil}
    , journal = vldbj
    , pages = {355--380}
    , title = {A survey of large-scale analytical query processing in MapReduce}
    , volume = {23}
    , year = 2014
}

@inproceedings{Dragojevic2015
    , author = {Dragojevi{\'{c}}, Aleksandar and Narayanan, Dushyanth and Nightingale, Edmund B and Renzelmann, Matthew and Shamis, Alex and Badam, Anirudh and Castro, Miguel}
    , booktitle = sosp
    , pages = {54--70}
    , title = {No compromises : distributed transactions with consistency , availability , and performance}
    , year = 2015
}

@inproceedings{Drechsler2014
    , author = {Drechsler, Joscha and Salvaneschi, Guido and Mogk, Ragnar and Mezini, Mira}
    , booktitle = oopsla
    , month = oct
    , pages = {361--376}
    , title = {Distributed REScala: An Update Algorithm for Distributed Reactive Programming}
    , year = 2014
}

@inproceedings{Du2013
    , author = {Du, Jiaqing and Elnikety, Sameh and Zwaenepoel, Willy}
    , booktitle = srds
    , pages = {173--184}
    , title = {Clock-SI: Snapshot Isolation for Partitioned Data Stores Using Loosely Synchronized Clocks}
    , year = 2013
}

@techreport{Dubois
    , archiveprefix = {arXiv}
    , arxivid = {arXiv:1505.03469v1}
    , author = {Dubois, Swan and May, D C}
    , eprint = {arXiv:1505.03469v1}
    , pages = {1--29}
    , title = {The Weakest Failure Detector for Eventual Consistency}
}

@misc{dynamodb
    , author = {Amazon Web Services}
    , title = {Amazon DynamoDB Pricing.}
}

@book{Eds
    , author = {Eds, Paolo Romano and Hutchison, David}
    , title = {Transactional Memory. Foundations, Algorithms, Tools, and Applications}
}

@inproceedings{Elmore2011
    , author = {Elmore, Aaron J and Das, Sudipto and Agrawal, Divyakant and {El Abbadi}, Amr}
    , booktitle = sigmod
    , pages = {301--312}
    , title = {Zephyr : Live Migration in Shared Nothing Databases for Elastic Cloud Platforms Categories and Subject Descriptors}
    , year = 2011
}

@inproceedings{Elnikety2005
    , author = {Elnikety, Sameh and Zwaenepoel, Willy and Pedone, Fernando}
    , booktitle = srds
    , month = oct
    , pages = {73--84}
    , title = {Database Replication Using Generalized Snapshot Isolation}
    , year = 2005
}

@book{Elnikety2005a
    , author = {Elnikety, S. and Zwaenepoel, W. and Pedone, F.}
    , booktitle = {24th IEEE Symposium on Reliable Distributed Systems (SRDS'05)}
    , month = oct
    , pages = {73--84}
    , title = {Database Replication Using Generalized Snapshot Isolation}
    , year = 2005
}

@article{Elnikety2006a
    , author = {Elnikety, Sameh and Dropsho, Steven and Pedone, Fernando}
    , journal = osr
    , month = oct
    , number = {4}
    , pages = {117}
    , title = {Tashkent}
    , volume = {40}
    , year = 2006
}

@article{Elnozahy2002
    , author = {Elnozahy, E. N. (Mootaz) and Alvisi, Lorenzo and Wang, Yi-Min and Johnson, David B.}
    , journal = acms
    , month = sep
    , number = {3}
    , pages = {375--408}
    , title = {A survey of rollback-recovery protocols in message-passing systems}
    , volume = {34}
    , year = 2002
}

@misc{Epfl
    , author = {Schiper, Andr{\'{e}}}
    , title = {Replication for fault-tolerance : what have we learned in fourty years ?}
    , year = 2013
}

@inproceedings{Eugster2009
    , author = {Eugster, Patrick and Jayaram, K. R.}
    , booktitle = ecoop
    , editor = {Drossopoulou, Sophia}
    , month = jul
    , pages = {570--594}
    , title = {EventJava}
    , volume = {5653}
    , year = 2009
}

@inproceedings{Faleiro
    , author = {Faleiro, Jose and Rajamani, Sriram K. and Rajan, Kaushik and Ramalingam, G. and Vaswani, Kapil}
    , booktitle = {Monterey Workshop}
    , title = {CScale - A Programming Model for Scalable and Reliable Distributed Applications}
}

@inproceedings{Fekete1996
    , author = {Fekete, Alan and Gupta, David and Luchangco, Victor and Lynch, Nancy and Shvartsman, Alex}
    , booktitle = podc
    , month = may
    , pages = {300--309}
    , title = {Eventually-serializable data services}
    , year = 1996
}

@article{Fekete2005
    , author = {Fekete, Alan D. and Liarokapis, Dimitrios and O'Neil, Elizabeth and O'Neil, Patrick and Shasha, Dennis}
    , journal = tods
    , month = jun
    , number = {2}
    , pages = {492--528}
    , title = {Making snapshot isolation serializable}
    , volume = {30}
    , year = 2005
}

@inproceedings{Fekete2005a
    , author = {Fekete, Alan}
    , booktitle = podc
    , month = jun
    , pages = {206--215}
    , title = {Allocating isolation levels to transactions}
    , year = 2005
}

@article{Felber2010
    , author = {Felber, Pascal and Fetzer, Christof and Marlier, Patrick and Riegel, Torvald}
    , journal = tpds
    , language = {English}
    , month = dec
    , number = {12}
    , pages = {1793--1807}
    , title = {Time-Based Software Transactional Memory}
    , volume = {21}
    , year = 2010
}

@inproceedings{Felber:2008:DPT:1345206.1345241
    , author = {Felber, Pascal and Fetzer, Christof and Riegel, Torvald}
    , booktitle = ppopp
    , pages = {237--246}
    , title = {Dynamic performance tuning of word-based software transactional memory}
    , year = 2008
}

@inproceedings{Fernandes
    , author = {Fernandes, Earlence and Jung, Jaeyeon and Prakash, Atul}
    , booktitle = {Symposium on Security and Privacy}
    , title = {Security Analysis of Emerging Smart Home Applications}
    , year = 2016
}

@inproceedings{Ferschke2015
    , author = {Ferschke, Oliver and Yang, Diyi and Tomar, Gaurav and Ros{\'{e}}, Carolyn Penstein}
    , booktitle = {Lecture Notes in Computer Science (including subseries Lecture Notes in Artificial Intelligence and Lecture Notes in Bioinformatics)}
    , pages = {115--124}
    , title = {Positive impact of collaborative chat participation in an edX MOOC}
    , volume = {9112}
    , year = 2015
}

@inproceedings{Fich1997
    , author = {Fich, FaithEllen}
    , booktitle = {Conf. on Current Trends in Theory and Practice of Computer Science}
    , pages = {28--37}
    , title = {How Hard Is It to Take a Snapshot?}
    , year = 2005
}

@inproceedings{Field2005
    , author = {Field, John and Varela, Carlos A.}
    , booktitle = popl
    , month = jan
    , number = {1}
    , pages = {195--208}
    , title = {Transactors: a programming model for maintaining globally consistent distributed state in unreliable environments}
    , volume = {40}
    , year = 2005
}

@article{Fischer1985
    , author = {Fischer, Michael J. and Lynch, Nancy A. and Paterson, Mike}
    , journal = jacm
    , number = {2}
    , pages = {374--382}
    , title = {Impossibility of distributed consensus with one faulty process}
    , volume = {32}
    , year = 1985
}

@book{Flinn2014
    , author = {Flinn, Jason and Levy, Hank and Candea, George and Clement, Allen and Planck, Max and Systems, Software and Cox, Landon and Feamster, Nick and Tech, Georgia and Ford, Bryan and Mckinley, Kathryn and Nightingale, Ed and Roscoe, Timothy and Zurich, E T H and Terry, Doug and Zwaenepoel, Willy and Weatherspoon, Hakim and Welsh, Matt and Wilkes, John and Chen, Brad and Henderson, Casey}
    , pages = {11--12}
    , title = {11th USENIX Symposium on Operating Systems Design and Implementation ( OSDI ' 14 )}
    , year = 2014
}

@inproceedings{Frank2014
    , author = {Frank, Lars and Pedersen, Rasmus Ulslev}
    , booktitle = {Proceedings of Int. Conf. on Ubiquitous Information Management and Communication (ICUIMC)}
    , month = jan
    , pages = {1--7}
    , title = {Managing consistency anomalies in distributed integrated databases with relaxed ACID properties}
    , year = 2014
}

@book{FrankBudinskyDavidSteinbergEdMerksRaymondEllersick2003
    , author = {{Frank Budinsky, David Steinberg, Ed Merks, Raymond Ellersick}, Timothy J. Grose}
    , title = {Eclipse Modeling Framework: A Developer's Guide}
    , year = 2003
}

@inproceedings{Fritzke1998
    , author = {Fritzke, Udo and Ingels, Philippe and Most{\'{e}}faoui, Achour and Raynal, Michel}
    , booktitle = srds
    , pages = {228--234}
    , shorttitle = {Reliable Distributed Systems, 1998. Proceedings. S}
    , title = {Fault-tolerant Total Order Multicast to asynchronous groups}
    , year = 1998
}

@inproceedings{Fritzke2001
    , author = {Fritzke, Udo and Ingels, Philippe}
    , booktitle = icdcs
    , pages = {284--291}
    , title = {Transactions on partially replicated data based on reliable and atomic multicasts}
    , year = 2001
}

@article{Fuggetta1998
    , author = {Fuggetta, Alfonso and Picco, Gian Pietro and Vigna, Giovanni}
    , journal = ieeese
    , pages = {342--361}
    , title = {Understanding Code Mobility}
    , volume = {24}
    , year = 1998
}

@article{Garcia-Molina1982
    , author = {Garcia-Molina, Hector and Wiederhold, Gio}
    , journal = tods
    , month = jun
    , number = {2}
    , pages = {209--234}
    , title = {Read-only transactions in a distributed database}
    , volume = {7}
    , year = 1982
}

@inproceedings{Garcia-Munoz2007
    , author = {Garcia-Munoz, Luis H. and Armendariz-Inigo, J. Enrique and Decker, Hendrik and Munoz-Escoi, Francesc D.}
    , booktitle = {21st International Conference on Advanced Information Networking and Applications Workshops (AINAW'07)}
    , language = {English}
    , pages = {220--227}
    , title = {Recovery Protocols for Replicated Databases--A Survey}
    , volume = {1}
    , year = 2007
}

@inproceedings{Geng
    , author = {Geng, Haoyan and Renesse, Robbert Van}
    , booktitle = Middleware
    , pages = {247--266}
    , title = {Sprinkler — Reliable Broadcast for Geographically Dispersed Datacenters}
    , year = 2013
}

@inproceedings{Gentry2009
    , author = {Gentry, Craig}
    , booktitle = stoc
    , pages = {169--178}
    , title = {Fully Homomorphic Encryption Using Ideal Lattices}
    , year = 2009
}

@article{Gilbert2002
    , author = {Gilbert, Seth and Lynch, Nancy}
    , journal = {ACM SIGACT News}
    , month = jun
    , number = {2}
    , pages = {51}
    , title = {Brewer's conjecture and the feasibility of consistent, available, partition-tolerant web services}
    , volume = {33}
    , year = 2002
}

@inproceedings{Glendenning2011
    , author = {Glendenning, Lisa and Beschastnikh, Ivan and Krishnamurthy, Arvind and Anderson, Thomas}
    , booktitle = sosp
    , month = oct
    , pages = {15}
    , title = {Scalable consistency in Scatter}
    , year = 2011
}

@inproceedings{Gog2015
    , author = {Gog, Ionel and Schwarzkopf, Malte and Crooks, Natacha and Grosvenor, Matthew P. and Clement, Allen and Hand, Steven}
    , booktitle = eurosys
    , month = apr
    , pages = {1--16}
    , title = {Musketeer: all for one, one for all in data processing systems}
    , year = 2015
}

@inproceedings{Golab2011
    , author = {Golab, Lukasz and Johnson, Theodore}
    , booktitle = cidr
    , pages = {114--122}
    , title = {Consistency in a Stream Warehouse}
    , year = 2011
}

@techreport{GonzalezDeMendivil2007
    , author = {Mend{\'{i}}vil, Gonz{\'{a}}lez De and Ram{\'{o}}n, Jos{\'{e}} and Armend{\'{a}}riz-{\'{I}}{\~{n}}igo, Jos{\'{e}} Enrique and Mu{\~{n}}oz-Esco{\'{i}}, Francesc Daniel and Ir{\'{u}}n-Briz, Luis and Garitagoitia, Jos{\'{e}} Ram{\'{o}}n and Ju{\'{a}}rez-Rodr{\'{i}}guez, Jos{\'{e}} Ram{\'{o}}n}
    , institution = {Instituto Tecnol{\'{o}}gico de Inform{\'{a}}tica}
    , title = {Non-blocking ROWA Protocols Implement GSI Using SI Replicas}
    , year = 2007
}

@inproceedings{Graefe1990
    , author = {Graefe, Goetz}
    , booktitle = sigmod
    , pages = {102--111}
    , title = {Encapsulation of Parallelism in the Volcano Query Processing System}
    , year = 1990
}

@article{Gray1996
    , author = {Gray, Jim and Helland, Pat and O'Neil, Patrick and Shasha, Dennis}
    , institution = {ACM SIGMOD}
    , journal = {ACM SIGMOD Record}
    , number = {2}
    , pages = {173--182}
    , pmid = {21814639}
    , title = {The dangers of replication and a solution}
    , volume = {25}
    , year = 1996
}

@article{Gray2006
    , author = {Gray, Jim and Lamport, Leslie}
    , journal = tods
    , month = mar
    , number = {1}
    , pages = {133--160}
    , title = {Consensus on transaction commit}
    , volume = {31}
    , year = 2006
}

@incollection{Gray78
    , author = {Gray, Jim}
    , booktitle = {Operating Systems, An Advanced Course}
    , pages = {393--481}
    , title = {Notes on data base operating systems}
    , year = 1978
}

@misc{grid5000
    , author = {Grid'5000}
    , howpublished = {$\backslash$url{\{}https://www.grid5000.fr/{\}}}
    , title = {Grid'5000, a scientific instrument designed to support experiment-driven research in all areas of computer science related to parallel, large-scale or distributed computing and networking}
    , year = 2013
}

@techreport{Groopman2015
    , author = {Groopman, Jessica and Etlinger, Susan}
    , title = {Consumer Perceptions of Privacy in The Internet of Things}
    , year = 2015
}

@article{Gude2008
    , author = {Gude, Natasha and Koponen, Teemu and Pettit, Justin and Pfaff, Ben and Casado, Mart{\'{i}}n and McKeown, Nick and Shenker, Scott}
    , journal = sigcom
    , month = jul
    , number = {3}
    , pages = {105--110}
    , title = {NOX: Towards an Operating System for Networks}
    , volume = {38}
    , year = 2008
}

@incollection{Guerraoui1995
    , author = {Guerraoui, Rachid}
    , booktitle = {Distributed Algorithms}
    , editor = {Springer}
    , pages = {87--100}
    , title = {Revisiting the relationship between non-blocking atomic commitment and consensus ?}
    , year = 1995
}

@article{Guerraoui1996
    , author = {Guerraoui, Rachid and Schiper, Andre}
    , journal = {IEEE Symp. on Fault Tolerant Computing Systems (FTCS26))}
    , number = {21}
    , pages = {168--177}
    , title = {Consensus Service: a modular approach for building agreement protocols in distributed systems}
    , year = 1996
}

@inproceedings{Guerraoui1997
    , author = {Guerraoui, Rachid and Schiper, Andr{\'{e}}}
    , booktitle = icdcs
    , pages = {578--585}
    , title = {Total Order Multicast to Multiple Groups}
    , year = 1997
}

@article{GUERRAOUI2001
    , author = {Guerraoui, Rachid and Schiper, Andr{\'{e}}}
    , journal = {Theoretical Computer Science}
    , month = mar
    , number = {1-2}
    , pages = {297--316}
    , title = {Genuine atomic multicast in asynchronous distributed systems}
    , volume = {254}
    , year = 2001
}

@inproceedings{Guerraoui2008
    , author = {Guerraoui, Rachid and Kapalka, Michal}
    , booktitle = ppopp
    , pages = {175--184}
    , title = {On the correctness of transactional memory}
    , year = 2008
}

@inproceedings{Guerraoui2008a
    , author = {Guerraoui, Rachid and Henzinger, Thomas and Singh, Vasu}
    , booktitle = disc
    , pages = {305--319}
    , title = {Permissiveness in Transactional Memories}
    , year = 2008
}

@inproceedings{Guerraoui2008b
    , author = {Guerraoui, Rachid and Kapalka, Michal}
    , booktitle = spaa
    , month = jun
    , pages = {304--313}
    , title = {On obstruction-free transactions}
    , year = 2008
}

@inproceedings{Guerraoui2008c
    , author = {Guerraoui, Rachid and Kapalka, Michal}
    , booktitle = {Proceedings of the 36th annual ACM SIGPLAN-SIGACT symposium on Principles of programming languages - POPL '09}
    , month = jan
    , number = {1}
    , pages = {404}
    , title = {The semantics of progress in lock-based transactional memory}
    , volume = {44}
    , year = 2008
}

@book{Guerraoui2010
    , author = {Guerraoui, Rachid and Kapalka, Michal}
    , pages = {194}
    , title = {Principles of Transactional Memory}
    , year = 2010
}

@article{Guerraoui2012
    , author = {Guerraoui, Rachid and Kuncak, Viktor and Losa, Giuliano}
    , journal = {ACM SIGPLAN Notices}
    , month = aug
    , number = {6}
    , pages = {55--66}
    , title = {Speculative linearizability}
    , volume = {47}
    , year = 2012
}

@techreport{Guerraoui2014
    , author = {Guerraoui, Rachid and Letia, Mihai}
    , title = {Disjoint-access parallelism does not entail scalability}
    , year = 2014
}

@inproceedings{Guerraoui2014a
    , author = {Guerraoui, Rachid and Ruppert, Eric}
    , booktitle = podc
    , month = jul
    , pages = {40--49}
    , title = {A paradox of eventual linearizability in shared memory}
    , year = 2014
}

@inproceedings{Gupta2014
    , author = {Gupta, Trinabh and Singh, Rayman Preet and Phanishayee, Amar and Jung, Jaeyeon and Mahajan, Ratul}
    , booktitle = nsdi
    , pages = {1--14}
    , title = {Bolt: Data management for connected homes}
    , year = 2014
}

@inproceedings{Hansdah1986
    , author = {Hansdah, R C and Patnaik, Lalit M.}
    , booktitle = {Int. Conf. on Database Theory}
    , editor = {Ausiello, Giorgio and Atzeni, Paolo}
    , pages = {171--185}
    , title = {Update serializability in locking}
    , year = 1986
}

@inproceedings{Hawblitzel2015
    , author = {Hawblitzel, Chris and Howell, Jon and Kapritsos, Manos and Lorch, Jacob R and Parno, Bryan and Roberts, Michael L and Setty, Srinath and Zill, Brian}
    , booktitle = sosp
    , pages = {1--17}
    , title = {IronFleet : Proving Practical Distributed Systems Correct}
    , year = 2015
}

@inproceedings{Heidemann2001
    , author = {Heidemann, John and Silva, Fabio and Intanagonwiwat, Chalermek and Govindan, Ramesh and Estrin, Deborah and Ganesan, Deepak}
    , booktitle = sosp
    , pages = {146--159}
    , title = {Building Efficient Wireless Sensor Networks with Low-level Naming}
    , year = 2001
}

@article{Helary2000
    , author = {Helary, J M and Mostefaoui, A. and Netzer, RHB and Raynal, Michel}
    , journal = {Distributed Computing}
    , number = {1}
    , pages = {29--43}
    , title = {Communication-based prevention of useless checkpoints in distributed computations}
    , volume = {13}
    , year = 2000
}

@article{Helland2007
    , author = {Helland, Pat and South, Fifth Ave}
    , journal = cidr
    , pages = {132--141}
    , title = {Life beyond Distributed Transactions : an Apostate's Opinion Position Paper}
    , year = 2007
}

@article{Henecka2010
    , author = {Henecka, W. and K{\"{o}}gl, S. and a.-R. Sadeghi and Schneider, T. and Wehrenberg, I.}
    , journal = {Proceedings of the 17th ACM Conference on Computer and Communications Security}
    , pages = {451--462}
    , title = {TASTY: Tool for Automating Secure Two-Party Computations}
    , year = 2010
}

@inproceedings{HenryHoffmann2015
    , author = {Henry Hoffmann}
    , booktitle = sosp
    , pages = {198--214}
    , title = {JouleGuard : Energy Guarantees for Approximate Applications}
    , year = 2015
}

@inproceedings{Herlihy03
    , author = {Herlihy, Maurice and Luchangco, Victor and Moir, Mark}
    , booktitle = icdcs
    , pages = {522--529}
    , title = {Obstruction-free synchronization: double-ended queues as an example}
    , year = 2003
}

@article{Herlihy1990
    , author = {Herlihy, Maurice and Wing, Jeannette M.}
    , journal = toplas
    , number = {3}
    , pages = {463--492}
    , title = {Linearizability: a correctness condition for concurrent objects}
    , volume = {12}
    , year = 1990
}

@article{Herlihy1991
    , author = {Herlihy, Maurice}
    , journal = toplas
    , month = jan
    , number = {1}
    , pages = {124--149}
    , title = {Wait-free synchronization}
    , volume = {13}
    , year = 1991
}

@misc{Herlihy1993
    , author = {Herlihy, Maurice and Eliot, J. and Moss, J Eliot B}
    , pages = {289--300}
    , title = {Transactional Memory: Architectural Support for Lock-Free Data Structures}
    , year = 1993
}

@article{Herlihy2007
    , author = {Herlihy, Maurice and Sun, Ye}
    , journal = {Distributed Computing}
    , number = {3}
    , pages = {195--208}
    , title = {Distributed transactional memory for metric-space networks}
    , volume = {20}
    , year = 2007
}

@article{Herlihy2008
    , author = {Herlihy, Maurice and Koskinen, Eric}
    , journal = ppopp
    , pages = {207--216}
    , title = {Transactional boosting: a methodology for highly-concurrent transactional objects}
    , year = 2008
}

@inproceedings{Herlihy:2003:STM:872035.872048
    , author = {Herlihy, Maurice and Luchangco, Victor and Moir, Mark and {Scherer III}, William N}
    , booktitle = podc
    , pages = {92--101}
    , title = {Software transactional memory for dynamic-sized data structures}
    , year = 2003
}

@inproceedings{Hindman2011
    , author = {Hindman, Benjamin and Konwinski, Andy and Zaharia, Matei and Ghodsi, Ali and Joseph, Anthony D. and Katz, Randy and Shenker, Scott and Stoica, Ion}
    , booktitle = osdi
    , pages = {32}
    , title = {Mesos: A Platform for Fine-grained Resource Sharing in the Data Center}
    , year = 2011
}

@inproceedings{Holliday
    , author = {Holliday, JoAnne and Agrawal, Divyakant and {El Abbadi}, Amr}
    , booktitle = {Digest of Papers. Twenty-Ninth Annual International Symposium on Fault-Tolerant Computing (Cat. No.99CB36352)}
    , language = {English}
    , pages = {158--165}
    , title = {The performance of database replication with group multicast}
}

@inproceedings{Holliday2002
    , author = {Holliday, JoAnne and Agrawal, Divyakant and Abbadi, Amr El}
    , booktitle = icdcs
    , pages = {485--493}
    , title = {Partial database replication using epidemic communication}
    , year = 2002
}

@inproceedings{Hooff2015
    , author = {Hooff, Jelle Van Den and Lazar, David and Zaharia, Matei and Zeldovich, Nickolai}
    , booktitle = sosp
    , pages = {137--152}
    , title = {Vuvuzela : Scalable Private Messaging Resistant to Tra ffi c Analysis}
    , year = 2015
}

@article{Hosking2007
    , author = {Hosking, Antony L and Hudson, Richard L and Moss, J Eliot B and Shpeisman, Tatiana}
    , journal = Language
    , pages = {68--78}
    , title = {Open Nesting in Software Transactional Memory}
    , year = 2007
}

@article{Howard1988
    , author = {Howard, John H. and Kazar, Michael L. and Menees, Sherri G. and Nichols, David A. and Satyanarayanan, M. and Sidebotham, Robert N. and West, Michael J.}
    , journal = tocs
    , month = feb
    , number = {1}
    , pages = {51--81}
    , title = {Scale and performance in a distributed file system}
    , volume = {6}
    , year = 1988
}

@misc{Hsieh2011
    , author = {Hsieh, Wilson}
    , month = oct
    , title = {Presentation of Spanner: Google's Globally-Distributed Database}
    , year = 2011
}

@inproceedings{Huang2013
    , author = {Huang, Qi and Birman, Ken and van Renesse, Robbert and Lloyd, Wyatt and Kumar, Sanjeev and Li, Harry C.}
    , booktitle = sosp
    , month = nov
    , pages = {167--181}
    , title = {An analysis of Facebook photo caching}
    , year = 2013
}

@inproceedings{Hunt1999
    , author = {Hunt, Galen C. and Scott, Michael L.}
    , booktitle = osdi
    , month = feb
    , pages = {187--200}
    , title = {The Coign automatic distributed partitioning system}
    , year = 1999
}

@inproceedings{Hunt2010
    , author = {Hunt, Patrick and Konar, Mahadev and Junqueira, FP and Reed, Benjamin}
    , booktitle = usenix-atc
    , pages = {11--11}
    , title = {ZooKeeper: wait-free coordination for internet-scale systems}
    , volume = {8}
    , year = 2010
}

@inproceedings{Hwang2005
    , author = {Hwang, Jeong Hyon and Balazinska, Magdalena and Rasin, Alexander and {\c{C}}etintemel, Uǧur and Stonebraker, Michael and Zdonik, Stan}
    , booktitle = icde
    , pages = {779--790}
    , title = {High-availability algorithms for distributed stream processing}
    , year = 2005
}

@article{Imbs2012
    , author = {Imbs, Damien and Raynal, Michel}
    , journal = tcs
    , month = jul
    , pages = {113--127}
    , title = {Virtual world consistency: A condition for STM systems (with a versatile protocol with invisible read operations)}
    , volume = {444}
    , year = 2012
}

@article{imbs:2012:hal-00646906:1
    , author = {Imbs, Damien and Raynal, Michel}
    , journal = jpdc
    , number = {1}
    , pages = {1--12}
    , title = {Help when needed, but no more: Efficient read/write partial snapshot}
    , volume = {72}
    , year = 2012
}

@inproceedings{Israeli1994
    , author = {Israeli, Amos and Rappoport, Lihu}
    , booktitle = podc
    , month = aug
    , pages = {151--160}
    , title = {Disjoint-access-parallel implementations of strong shared memory primitives}
    , year = 1994
}

@inproceedings{Jayaram2013
    , author = {Jayaram, K. R.}
    , booktitle = Middleware
    , pages = {143--162}
    , title = {Elastic Remote Methods}
    , year = 2013
}

@article{Jelasity2004
    , author = {Jelasity, M{\'{a}}rk and Guerraoui, Rachid and Kermarrec, Anne-Marie and Steen, Maarten Van}
    , journal = Middleware
    , pages = {79}
    , title = {The peer sampling service: experimental evaluation of unstructured gossip-based implementations}
    , year = 2004
}

@misc{jessy
    , author = {{Saeida Ardekani}, Masoud and Sutra, Pierre and Cincilla, Pierpaolo}
    , title = {https://github.com/msaeida/jessy}
    , year = 2013
}

@techreport{Jha2014
    , archiveprefix = {arXiv}
    , arxivid = {1403.1528}
    , author = {Jha, Shantenu and Qiu, Judy and Luckow, Andre and Mantha, Pradeep and Fox, Geoffrey C.}
    , eprint = {1403.1528}
    , number = {1}
    , pages = {8}
    , title = {A Tale of Two Data-Intensive Paradigms: Applications, Abstractions, and Architectures}
    , volume = {2}
    , year = 2014
}

@inproceedings{Jimenez-Peris2002
    , author = {Jim{\'{e}}nez-Peris, Ricardo and Patino-Martinez, Marta and Alonso, Gustavo}
    , booktitle = srds
    , pages = {150--159}
    , shorttitle = {Reliable Distributed Systems, 2002. Proceedings. 2}
    , title = {Non-intrusive, parallel recovery of replicated data}
    , year = 2002
}

@inproceedings{Jimenez-Peris2002a
    , author = {Jim{\'{e}}nez-Peris, Ricardo and Patino-Martinez, Marta and Kemme, Bettina and Alonso, Gustavo}
    , booktitle = icdcs
    , pages = {477--484}
    , title = {Improving the scalability of fault-tolerant database clusters}
    , year = 2002
}

@article{Jimenez-Peris2003
    , author = {Jim{\'{e}}nez-Peris, Ricardo and Pati{\~{n}}o-Mart{\'{i}}nez, Marta and Alonso, Gustavo and Kemme, Bettina}
    , journal = tods
    , number = {3}
    , pages = {257--294}
    , title = {Are quorums an alternative for data replication?}
    , volume = {28}
    , year = 2003
}

@misc{Jones
    , author = {{Peyton Jones}, Simon L.}
    , title = {How to write a great research paper}
}

@inproceedings{Jones2010
    , author = {Jones, Evan P.C. and Abadi, Daniel J. and Madden, Samuel}
    , booktitle = sigmod
    , month = jun
    , pages = {603--614}
    , title = {Low overhead concurrency control for partitioned main memory databases}
    , year = 2010
}

@inproceedings{Jorwekar2007
    , author = {Jorwekar, Sudhir and Fekete, Alan and Ramamritham, Krithi and Sudarshan, S.}
    , booktitle = vldb
    , month = sep
    , pages = {1263--1274}
    , title = {Automating the detection of snapshot isolation anomalies}
    , year = 2007
}

@inproceedings{Jung
    , author = {Jung, Hyungsoo}
    , booktitle = vldb
    , pages = {783--794}
    , title = {Serializable Snapshot Isolation for Replicated Databases in High-Update Scenarios}
}

@inproceedings{Junqueira2011
    , author = {Junqueira, Flavio and Reed, Benjamin and Yabandeh, Maysam}
    , booktitle = {41st International Conference on Dependable Systems and Networks Workshops (DSN-W)}
    , month = jun
    , pages = {176--181}
    , title = {Lock-free transactional support for large-scale storage systems}
    , year = 2011
}

@inproceedings{Junqueira2011a
    , author = {Junqueira, Flavio P. and Reed, Benjamin C. and Serafini, Marco}
    , booktitle = dsn
    , pages = {245--256}
    , title = {Zab: High-performance broadcast for primary-backup systems}
    , year = 2011
}

@article{Kadambi2011
    , author = {Kadambi, Sudarshan and Chen, Jianjun and Cooper, Brian F. and Lomax, David and Silberstein, Adam and Tam, Erwin and Garcia-molina, Hector}
    , journal = pvldb
    , pages = {1040--1050}
    , title = {Where in the World is My Data ?}
    , volume = {4}
    , year = 2011
}

@incollection{Kahlon2010
    , author = {Kahlon, Vineet and Wang, Chao}
    , booktitle = {Computer Aided Verification}
    , pages = {434--449}
    , title = {Universal Causality Graphs : A Precise Happens-Before Model for Detecting Bugs in Concurrent Programs}
    , year = 2010
}

@inproceedings{Karanasos2015
    , author = {Karanasos, Konstantinos and Rao, Sriram and Curino, Carlo and Douglas, Chris and Chaliparambil, Kishore and Fumarola, Giovanni Matteo and Heddaya, Solom and Ramakrishnan, Raghu and Sakalanaga, Sarvesh}
    , booktitle = usenix-atc
    , pages = {485--497}
    , title = {Mercury: Hybrid Centralized and Distributed Scheduling in Large Shared Clusters}
    , year = 2015
}

@inproceedings{Karger1997
    , author = {Karger, David and Lehman, Eric and Leighton, Tom and Panigrahy, Rina and Levine, Matthew and Lewin, Daniel}
    , booktitle = {Proceedings of the twenty-ninth annual ACM symposium on Theory of computing - STOC '97}
    , month = may
    , pages = {654--663}
    , title = {Consistent hashing and random trees}
    , year = 1997
}

@inproceedings{Karmani2009
    , author = {Karmani, Rajesh K. and Shali, Amin and Agha, Gul}
    , booktitle = pppj
    , month = aug
    , pages = {11}
    , title = {Actor frameworks for the JVM platform}
    , year = 2009
}

@article{Katz1989
    , author = {Katz, M.}
    , title = {PARATRAN: A TRANSPARENT, TRANSACTION BASED RUNTIME MECHANISM FOR PARALLEL EXECUTION OF SCHEME}
    , year = 1989
}

@inproceedings{Kemme1998
    , author = {Kemme, Bettina and Alonso, Gustavo}
    , booktitle = icdcs
    , organization = {IEEE}
    , pages = {156--163}
    , title = {A Suite of Database Replication Protocols based on Group Communication Primitives}
    , year = 1998
}

@inproceedings{Kemme1999
    , author = {Kemme, Bettina and Pedone, Fernando and Alonso, Gustavo and Schiper, Andr{\'{e}}}
    , booktitle = icdcs
    , pages = {424--431}
    , title = {Processing transactions over optimistic atomic broadcast protocols}
    , year = 1999
}

@article{Kemme2000
    , author = {Kemme, Bettina and Alonso, Gustavo}
    , journal = tods
    , month = sep
    , number = {3}
    , pages = {333--379}
    , title = {A new approach to developing and implementing eager database replication protocols}
    , volume = {25}
    , year = 2000
}

@inproceedings{Kemme2000b
    , author = {Kemme, Bettina and Alonso, Gustavo}
    , booktitle = vldb
    , pages = {134--143}
    , title = {Don't Be Lazy, Be Consistent: Postgres-R, A New Way to Implement Database Replication}
    , year = 2000
}

@misc{Keogh
    , author = {Keogh}
    , title = {How to do Research}
}

@inproceedings{Klein2014
    , author = {Klein, Cristian and Papadopoulos, Av and Dellkrantz, Manfred}
    , booktitle = srds
    , number = {Section IV}
    , title = {Improving Cloud Service Resilience using Brownout-Aware Load-Balancing}
    , year = 2014
}

@article{Kobusinska2005
    , author = {Kobusinska, Anna and Libuda, Marek and Sobaniec, Cezary and Wawrzyniak, Dariusz}
    , journal = {{\ldots} Computing and the {\ldots}}
    , title = {Version vector protocols implementing session guarantees}
    , year = 2005
}

@article{Kobusinska2005a
    , author = {Kobusinska, Anna and Libuda, Marek and Sobaniec, Cezary and Wawrzyniak, Dariusz}
    , journal = {{\ldots} Computing and the {\ldots}}
    , title = {Version vector protocols implementing session guarantees}
    , year = 2005
}

@inproceedings{Koponen2014
    , author = {Koponen, Teemu and Amidon, Keith and Balland, Peter and Casado, Martin and Chanda, Anupam and Fulton, Bryan and Ganichev, Igor and Gross, Jesse and Ingram, Paul and Jackson, Ethan and Lambeth, Andrew and Lenglet, Romain and Li, Shih-Hao and Padmanabhan, Amar and Pettit, Justin and Pfaff, Ben and Ramanathan, Rajiv and Shenker, Scott and Shieh, Alan and Stribling, Jeremy and Thakkar, Pankaj and Wendlandt, Dan and Yip, Alexander and Zhang, Ronghua}
    , booktitle = nsdi
    , pages = {203--216}
    , title = {Network Virtualization in Multi-tenant Datacenters}
    , year = 2014
}

@article{Koskinen2010
    , author = {Koskinen, Eric and Parkinson, Matthew and Herlihy, Maurice}
    , journal = {ACM SIGPLAN Notices}
    , number = {1}
    , pages = {19--30}
    , title = {Coarse-grained transactions}
    , volume = {45}
    , year = 2010
}

@inproceedings{Kossmann2010
    , author = {Kossmann, Donald and Kraska, Tim and Loesing, Simon}
    , booktitle = sigmod
    , month = jun
    , pages = {579}
    , title = {An evaluation of alternative architectures for transaction processing in the cloud}
    , year = 2010
}

@article{Kraska
    , author = {Kraska, Tim and Hentschel, Martin and Alonso, Gustavo and Kossmann, Donald}
    , journal = pvldb
    , pages = {253--264}
    , title = {Consistency Rationing in the Cloud : Pay only when it matters}
    , volume = {2}
    , year = 2009
}

@article{Kraska2012
    , archiveprefix = {arXiv}
    , arxivid = {1203.6049}
    , author = {Kraska, Tim and Pang, Gene and Franklin, Michael J. and Madden, Samuel}
    , eprint = {1203.6049}
    , journal = CoRR
    , month = mar
    , title = {MDCC: Multi-Data Center Consistency}
    , volume = {abs/1203.6}
    , year = 2012
}

@inproceedings{Kraska2013
    , author = {Kraska, Tim and Pang, Gene and Franklin, Michael J. and Madden, Samuel and Fekete, Alan}
    , booktitle = eurosys
    , month = apr
    , pages = {113}
    , title = {MDCC: Multi-Data Center Consistency Tim}
    , year = 2013
}

@inproceedings{Kreps2011
    , author = {Kreps, Jay and Corp, Linkedin}
    , booktitle = netdb
    , pages = {6}
    , title = {Kafka : a Distributed Messaging System for Log Processing}
    , year = 2011
}

@inproceedings{Krishnamurthy:2010:CAO:1807167.1807290
    , author = {Krishnamurthy, Sailesh and Franklin, Michael J and Davis, Jeffrey and Farina, Daniel and Golovko, Pasha and Li, Alan and Thombre, Neil}
    , booktitle = sigmod
    , pages = {1081--1092}
    , title = {Continuous Analytics over Discontinuous Streams}
    , year = 2010
}

@article{Kulkarni2007
    , author = {Kulkarni, Milind and Pingali, Keshav and Walter, Bruce and Ramanarayanan, Ganesh and Bala, Kavita and Chew, L. Paul}
    , journal = {ACM SIGPLAN Notices}
    , month = jun
    , number = {6}
    , pages = {211}
    , title = {Optimistic parallelism requires abstractions}
    , volume = {42}
    , year = 2007
}

@inproceedings{Kulkarni2015
    , author = {Kulkarni, Sanjeev and Bhagat, Nikunj and Fu, Maosong and Kedigehalli, Vikas and Kellogg, Christopher and Mittal, Sailesh and Patel, Jignesh M. and Ramasamy, Karthik and Taneja, Siddarth}
    , booktitle = sigmod
    , pages = {239--250}
    , title = {Twitter Heron: Stream Processing at Scale}
    , year = 2015
}

@article{Kung1981
    , author = {Kung, H. T. and Robinson, John T.}
    , journal = tods
    , month = jun
    , number = {2}
    , pages = {213--226}
    , title = {On optimistic methods for concurrency control}
    , volume = {6}
    , year = 1981
}

@article{Lakshman2010
    , author = {Lakshman, Avinash and Malik, Prashant}
    , institution = {Facebook}
    , journal = osr
    , number = {2}
    , pages = {35--40}
    , title = {Cassandra - A Decentralized Structured Storage System}
    , volume = {44}
    , year = 2010
}

@article{Lamport1977
    , author = {Lamport, L.}
    , journal = ieeese
    , title = {Proving the Correctness of Multiprocess Programs}
    , volume = {SE-3}
    , year = 1977
}

@article{Lamport1978
    , author = {Lamport, Leslie}
    , journal = cacm
    , month = jul
    , number = {7}
    , pages = {558--565}
    , title = {Time, clocks, and the ordering of events in a distributed system}
    , volume = {21}
    , year = 1978
}

@article{Lamport1979
    , author = {Lamport, Leslie}
    , journal = ieeetc
    , month = sep
    , number = {9}
    , pages = {690--691}
    , title = {How to Make a Multiprocessor Computer That Correctly Executes Multiprocess Programs}
    , volume = {C-28}
    , year = 1979
}

@article{Lamport1982
    , author = {Lamport, Leslie and Shostak, Robert and Pease, Marshall}
    , journal = toplas
    , month = jul
    , number = {3}
    , pages = {382--401}
    , title = {The Byzantine Generals Problem}
    , volume = {4}
    , year = 1982
}

@article{Lamport1984
    , author = {Lamport, Leslie}
    , journal = toplas
    , month = apr
    , number = {2}
    , pages = {254--280}
    , title = {Using Time Instead of Timeout for Fault-Tolerant Distributed Systems.}
    , volume = {6}
    , year = 1984
}

@techreport{Lamport1987
    , author = {Lamport, L.}
    , booktitle = {Digital System Research Center}
    , pages = {1--33}
    , title = {Synchronizing time servers}
    , volume = {18}
    , year = 1987
}

@article{Lamport1998
    , author = {Lamport, Leslie}
    , journal = tocs
    , number = {2}
    , pages = {133--169}
    , title = {The part-time parliament}
    , volume = {16}
    , year = 1998
}

@techreport{Lamport2001
    , author = {Lamport, Leslie}
    , booktitle = {ACM SIGACT News}
    , number = {4}
    , pages = {34}
    , title = {Paxos Made Simple}
    , volume = {32}
    , year = 2001
}

@article{Lamport2006
    , author = {Lamport, Leslie}
    , journal = {Distributed Computing}
    , month = jul
    , number = {2}
    , pages = {79--103}
    , title = {Fast Paxos}
    , volume = {19}
    , year = 2006
}

@article{Lamport2006b
    , author = {Lamport, Leslie}
    , journal = {Distributed Computing}
    , month = jan
    , pages = {104--125}
    , title = {Lower bounds for asynchronous consensus}
    , volume = {19}
    , year = 2006
}

@book{Larus2007
    , author = {Larus, James and Rajwar, Ravi}
    , pages = {222}
    , title = {Transactional Memory}
    , year = 2007
}

@book{Lehman2004
    , author = {Lehman, Eric and Leighton, Tom}
    , booktitle = Science
    , title = {Mathematics for Computer Science Eric Lehman and Tom Leighton 2004}
    , year = 2004
}

@inproceedings{Leners
    , author = {Leners, Joshua B and Walfish, Michael}
    , booktitle = eurosys
    , pages = {9:1--9:16}
    , title = {Taming uncertainty in distributed systems with help from the network}
    , year = 2015
}

@article{Leonini2009
    , author = {Leonini, Lorenzo and Rivi{\`{e}}re, {\'{E}}tienne and Felber, Pascal}
    , month = apr
    , pages = {185--198}
    , title = {SPLAY: distributed systems evaluation made simple (or how to turn ideas into live systems in a breeze)}
    , year = 2009
}

@article{LeslieLamport
    , author = {{Leslie Lamport}, Mike Massa}
    , title = {Cheap Paxos}
}

@article{Li
    , author = {Li, Jinyuan and Mazi, David}
    , title = {Beyond One-third Faulty Replicas in Byzantine Fault Tolerant Systems}
}

@inproceedings{Li2007
    , author = {Li, Harry C. and Clement, Allen and Aiyer, Amitanand S. and Alvisi, Lorenzo}
    , booktitle = srds
    , pages = {114--123}
    , title = {The Paxos register}
    , year = 2007
}

@inproceedings{Li2012
    , author = {Li, Cheng and Porto, Daniel and Clement, Allen and Gehrke, Johannes and Preguic, Nuno and Rodrigues, Rodrigo}
    , booktitle = osdi
    , pages = {265--278}
    , title = {Making Geo-Replicated Systems Fast as Possible , Consistent when Necessary}
    , year = 2012
}

@inproceedings{Li2015
    , author = {Li, Shen and Hu, Shaohan}
    , booktitle = usenix-atc
    , pages = {97--109}
    , title = {Pyro : A Spatial-Temporal Big-Data Storage System}
    , year = 2015
}

@inproceedings{Li2016
    , author = {Li, Xiaozhou and Sethi, Raghav and Kaminsky, Michael and Labs, Intel and Andersen, David G and Freedman, Michael J and Nsdi, Implementation}
    , booktitle = nsdi
    , title = {Be Fast , Cheap and in Control with SwitchKV}
    , year = 2016
}

@inproceedings{LiangZhao2012
    , author = {{Liang Zhao} and {Sherif Sakr} and {Anna Liu}}
    , booktitle = {IEEE Fifth International Conference on Cloud Computing}
    , pages = {922--929}
    , title = {Application-Managed Replication Controller for Cloud-Hosted Databases}
    , year = 2012
}

@inproceedings{Lin1989
    , author = {Lin, Kwei-Jay}
    , booktitle = {Annual Hawaii Int. Conf. on System Sciences}
    , language = {English}
    , pages = {654--661}
    , title = {Consistency issues in real-time database systems}
    , volume = {2}
    , year = 1989
}

@article{Lin1997
    , author = {Lin, Jun-Lin and Dunham, Margaret H.}
    , journal = {Distributed and Parallel Databases}
    , pages = {289--319}
    , title = {A Survey of Distributed Database Checkpointing}
    , volume = {5}
    , year = 1997
}

@inproceedings{Lin2005
    , author = {Lin, Yi and Kemme, Bettina and Pati{\~{n}}o-Mart{\'{i}}nez, Marta and Jim{\'{e}}nez-Peris, Ricardo}
    , booktitle = sigmod
    , pages = {419--430}
    , title = {Middleware based data replication providing snapshot isolation}
    , year = 2005
}

@inproceedings{Lin2005a
    , author = {Lin, Yi and Kemme, Bettina and Pati{\~{n}}o-Mart{\'{i}}nez, Marta and Jim{\'{e}}nez-Peris, Ricardo}
    , booktitle = europar
    , pages = {633--643}
    , title = {Consistent Data Replication: Is It Feasible in WANs?}
    , volume = {3648}
    , year = 2005
}

@article{Lin2009
    , author = {Lin, Yi and Kemme, Bettina and Jim{\'{e}}nez-Peris, Ricardo and Pati{\~{n}}o-Mart{\'{i}}nez, Marta and Armend{\'{a}}riz-{\'{I}}{\~{n}}igo, Jos{\'{e}} Enrique}
    , journal = tods
    , month = jun
    , number = {2}
    , pages = {1--49}
    , title = {Snapshot isolation and integrity constraints in replicated databases}
    , volume = {34}
    , year = 2009
}

@article{Lipton1975
    , author = {Lipton, Richard J.}
    , journal = cacm
    , number = {12}
    , pages = {717}
    , title = {Reduction: a method of proving properties of parallel programs}
    , volume = {18}
    , year = 1975
}

@inproceedings{Liskov1991
    , author = {Liskov, Barbara and Ghemawat, Sanjay and Gruber, Robert and Johnson, Paul and Shrira, Liuba}
    , booktitle = sosp
    , month = sep
    , number = {5}
    , pages = {226--238}
    , title = {Replication in the harp file system}
    , volume = {25}
    , year = 1991
}

@techreport{Liskov2012
    , author = {Liskov, Barbara and Cowling, James}
    , institution = {MIT}
    , month = jul
    , number = {MIT-CSAIL-TR-2012-021}
    , title = {Viewstamped Replication Revisited}
    , year = 2012
}

@inproceedings{Litz2014
    , author = {Litz, Heiner and Cheriton, David and Firoozshahian, Amin and Azizi, Omid and Stevenson, John P.}
    , booktitle = asplos
    , month = feb
    , pages = {383--398}
    , title = {SI-TM: reducing transactional memory abort rates through snapshot isolation}
    , year = 2014
}

@inproceedings{Liu
    , author = {Liu, Jed and George, Michael D and Myers, Andrew C}
    , booktitle = nsdi
    , title = {Warranties for Faster Strong Consistency}
    , year = 2014
}

@inproceedings{Lloyd2011
    , author = {Lloyd, Wyatt and Freedman, Michael J. and Kaminsky, Michael and Andersen, David G.}
    , booktitle = sosp
    , pages = {401--416}
    , title = {Don't Settle for Eventual: Scalable Causal Consistency for Wide-Area Storage with COPS}
    , year = 2011
}

@inproceedings{Lloyd2013
    , author = {Lloyd, Wyatt and Freedman, Michael J. and Kaminsky, Michael and Andersen, David G.}
    , booktitle = nsdi
    , pages = {1--14}
    , title = {Stronger Semantics for Low-Latency Geo-Replicated Storage}
    , year = 2013
}

@article{Logothetis2008
    , author = {Logothetis, Dionysios and Yocum, Kenneth}
    , journal = vldb
    , month = aug
    , number = {2}
    , pages = {1472--1475}
    , title = {Ad-hoc data processing in the cloud}
    , volume = {1}
    , year = 2008
}

@article{Lomet
    , author = {Lomet, David}
    , title = {Replicated Indexes for Distributed Data}
}

@inproceedings{Lu2015
    , author = {Lu, Haonan and Veeraraghavan, Kaushik and Ajoux, Philippe and Hunt, Jim and Song, Yee Jiun and Tobagus, Wendy and Kumar, Sanjeev and Lloyd, Wyatt}
    , booktitle = sosp
    , pages = {295--310}
    , title = {Existential Consistency : Measuring and Understanding Consistency at Facebook}
    , year = 2015
}

@misc{LuisRodrigues1998
    , author = {Rodrigues, Luis and Guerraoui, Rachid}
    , month = oct
    , title = {Scalable Atomic Multicast}
    , year = 1998
}

@inproceedings{Lundelius:1984:NFA:800222.806738
    , author = {Lundelius, Jennifer and Lynch, Nancy}
    , booktitle = podc
    , pages = {75--88}
    , title = {A New Fault-tolerant Algorithm for Clock Synchronization}
    , year = 1984
}

@techreport{M\ullerP.andPoetzsch-Heffter
    , author = {M{\{}$\backslash$"u{\}}ller, P. and Poetzsch-Heffter, A.}
    , title = {Universes: A Type System for Alias and Dependency Control}
}

@inproceedings{MacCormick
    , author = {MacCormick, John and Murphy, Nick and Najork, Marc and Thekkath, Chandramohan A. and Zhou, Lidong}
    , booktitle = osdi
    , pages = {105--120}
    , title = {Boxwood: Abstractions as the Foundation for Storage Infrastructure}
    , year = 2004
}

@inproceedings{Macea
    , author = {Mace, Jonathan and Bodik, Peter and Fonseca, Rodrigo and Musuvathi, Madanlal}
    , booktitle = nsdi
    , title = {Retro : Targeted Resource Management in Multi-tenant Distributed Systems Retro framework}
    , year = 2015
}

@inproceedings{Madden2002
    , author = {Madden, Samuel and Franklin, Michael J.}
    , booktitle = icde
    , pages = {555--566}
    , title = {Fjording the Stream: An Architecture for Queries Over Streaming Sensor Data}
    , year = 2002
}

@inproceedings{Madhukar1999
    , author = {{Madhukar R. Korupolu, C. Greg Plaxton}, Rajmohan Rajaraman}
    , booktitle = soda
    , pages = {586--595}
    , title = {Placement Algorithms for Hierarchical Cooperative Caching}
    , year = 1999
}

@article{Mahajan2010
    , author = {Mahajan, Prince and Setty, S and Lee, S and Seehra, A and Clement, Allen and Alvisi, Lorenzo and Dahlin, Mike}
    , journal = tocs
    , pages = {1--12}
    , title = {Depot: cloud storage with minimal trust}
    , year = 2010
}

@techreport{Mahajan2011
    , author = {Mahajan, Prince and Alvisi, Lorenzo and Dahlin, Mike}
    , institution = {The University of Texas at Austin}
    , title = {Consistency , Availability , and Convergence}
    , year = 2011
}

@article{Maia2010
    , author = {Maia, Francisco and Armend{\'{a}}riz-I{\~{n}}igo, Jos{\'{e}} Enrique and Ruiz-Fuertes, M. Idoia and Oliveira, Rui}
    , month = oct
    , pages = {785--797}
    , title = {Scalable transactions in the cloud: partitioning revisited}
    , year = 2010
}

@inproceedings{Manassiev2006
    , author = {Manassiev, Kaloian and Mihailescu, Madalin and Amza, Cristiana}
    , booktitle = ppopp
    , organization = {ACM}
    , pages = {198}
    , title = {Exploiting distributed version concurrency in a transactional memory cluster}
    , year = 2006
}

@inproceedings{Marandi2010
    , author = {Marandi, Parisa Jalili and Primi, Marco and Schiper, Nicolas and Pedone, Fernando}
    , booktitle = dsn
    , language = {English}
    , month = jun
    , pages = {527--536}
    , title = {Ring Paxos: A high-throughput atomic broadcast protocol}
    , year = 2010
}

@article{Marzullo1990
    , author = {Marzullo, Keith}
    , journal = tocs
    , month = nov
    , number = {4}
    , pages = {284--304}
    , title = {Tolerating Failures of Continuous-valued Sensors}
    , volume = {8}
    , year = 1990
}

@phdthesis{masoud2010
    , author = {{Saeida Ardekani}, Masoud}
    , school = {The Royal Institute of Technology (KTH)}
    , title = {Making Structured Overlay Networks Data Center Friendly}
    , year = 2010
}

@techreport{masoud2011
    , author = {{Saeida Ardekani}, Masoud and Sutra, Pierre and Pregui{\c{c}}a, Nuno and Shapiro, Marc}
    , institution = {Inria}
    , month = oct
    , number = {RR-7805}
    , title = {Non-Monotonic Snapshot Isolation}
    , year = 2013
}

@inproceedings{masoud2013b
    , author = {{Saeida Ardekani}, Masoud and Sutra, Pierre and Shapiro, Marc and Pregui{\c{c}}a, Nuno}
    , booktitle = europar
    , month = aug
    , pages = {369--381}
    , title = {On the Scalability of Snapshot Isolation}
    , volume = {8097}
    , year = 2013
}

@inproceedings{masoud2013c
    , author = {{Saeida Ardekani}, Masoud and Sutra, Pierre and Shapiro, Marc}
    , booktitle = srds
    , month = oct
    , pages = {163--172}
    , title = {Non-Monotonic Snapshot Isolation: scalable and strong consistency for geo-replicated transactional systems}
    , year = 2013
}

@inproceedings{masoud2014a
    , author = {{Saeida Ardekani}, Masoud and Terry, Douglas B}
    , booktitle = osdi
    , month = oct
    , pages = {367--381}
    , title = {A Self-Configurable Geo-Replicated Cloud Storage System}
    , year = 2014
}

@inproceedings{masoud2014b
    , author = {{Saeida Ardekani}, Masoud and Sutra, Pierre and Shapiro, Marc}
    , booktitle = middleware
    , month = dec
    , title = {G-DUR: A Middleware for Assembling, Analyzing, and Improving Transactional Protocols}
    , year = 2014
}

@article{Mattern1989
    , author = {Mattern, Friedemann}
    , editor = {Cosnard, M}
    , journal = {Parallel and Distributed Algorithms}
    , pages = {215--226}
    , title = {Virtual Time and Global States of Distributed Systems}
    , year = 1989
}

@incollection{Meersman2008
    , author = {{Correia, A., Jr. and Pereira, J. and Oliveira}, R.}
    , booktitle = {On the Move to Meaningful Internet Systems: OTM 2008}
    , editor = {Meersman, Robert and Tari, Zahir}
    , pages = {691--708}
    , title = {AKARA: A Flexible Clustering Protocol for Demanding Transactional Workloads}
    , volume = {5331}
    , year = 2008
}

@misc{Meling
    , author = {Meling, Hein and Jehl, Leander}
    , title = {Paxos Explained from Scratch}
    , year = 2013
}

@article{Melnik2010
    , author = {Melnik, Sergey and Gubarev, Andrey and Long, Jing Jing and Romer, Geoffrey and Shivakumar, Shiva and Tolton, Matt and Vassilakis, Theo}
    , institution = {Google}
    , journal = vldb
    , number = {1}
    , pages = {330--339}
    , title = {Dremel: Interactive Analysis of Web-Scale Datasets}
    , volume = {3}
    , year = 2010
}

@techreport{Merrill1988
    , author = {Merrill, Walter C}
    , institution = {NASA}
    , number = {November}
    , title = {Sensor Failure Detection for Jet Engines}
    , year = 1988
}

@inproceedings{Moraru2013
    , author = {Moraru, Iulian and Andersen, David G. and Kaminsky, Michael}
    , booktitle = sosp
    , month = nov
    , pages = {358--372}
    , title = {There is more consensus in Egalitarian parliaments}
    , year = 2013
}

@inproceedings{Mu2014
    , author = {Mu, Shuai and Cui, Yang and Zhang, Yang and Lloyd, Wyatt and Li, Jinyang}
    , booktitle = osdi
    , pages = {479--494}
    , title = {Extracting More Concurrency from Distributed Transactions}
    , year = 2014
}

@inproceedings{Murray2013
    , author = {Murray, Derek G. and McSherry, Frank and Isaacs, Rebecca and Isard, Michael and Barham, Paul and Abadi, Mart{\'{i}}n}
    , booktitle = sosp
    , month = nov
    , pages = {439--455}
    , title = {Naiad}
    , year = 2013
}

@article{Nakamura:2007:IFW:1267070.1267073
    , author = {Nakamura, Eduardo F and Loureiro, Antonio A F and Frery, Alejandro C}
    , journal = csur
    , month = sep
    , number = {3}
    , title = {Information Fusion for Wireless Sensor Networks: Methods, Models, and Classifications}
    , volume = {39}
    , year = 2007
}

@inproceedings{Niazi2015
    , author = {Niazi, Salman and Ismail, Mahmoud and Berthou, Gautier and Dowling, Jim}
    , booktitle = dias
    , pages = {158--172}
    , title = {Leader Election Using NewSQL Database Systems}
    , volume = {1}
    , year = 2015
}

@article{Nicola2000
    , author = {Nicola, Matthias and Jarke, Matthias}
    , journal = {IEEE Transactions on Knowledge and Data Engineering}
    , language = {English}
    , number = {4}
    , pages = {645--672}
    , title = {Performance modeling of distributed and replicated databases}
    , volume = {12}
    , year = 2000
}

@article{O'Neil1986
    , author = {O'Neil, Patrick E.}
    , journal = {ACM Transactions on Database Systems}
    , month = dec
    , number = {4}
    , pages = {405--430}
    , title = {The Escrow transactional method}
    , volume = {11}
    , year = 1986
}

@article{O'Neil1986a
    , author = {O'Neil, Patrick E.}
    , journal = tods
    , month = dec
    , number = {4}
    , pages = {405--430}
    , title = {The Escrow transactional method}
    , volume = {11}
    , year = 1986
}

@inproceedings{Olston2003
    , author = {Olston, Chris and Jiang, Jing and Widom, Jennifer}
    , booktitle = sigmod
    , pages = {563--574}
    , title = {Adaptive filters for continuous queries over distributed data streams}
    , year = 2003
}

@inproceedings{Olston2008
    , author = {Olston, Christopher and Reed, Benjamin and Srivastava, Utkarsh and Kumar, Ravi and Tomkins, Andrew}
    , booktitle = sigmod
    , pages = {1099}
    , title = {Pig Latin: A Not-So-Foreign Language for Data Processing}
    , year = 2008
}

@book{Oracle
    , author = {Oracle}
    , title = {Getting Started with Berkeley DB}
}

@incollection{oracle11
    , booktitle = {Oracle Database Concepts 11g}
    , number = {January}
    , title = {Data Concurrency and Consistency,}
    , volume = {1}
    , year = 2011
}

@techreport{Oracle2011
    , author = {Richard Strohm}
    , month = jan
    , title = {Oracle Database Concepts, 11g Release 1 (11.1)}
    , year = 2011
}

@inproceedings{Ousterhout2013
    , author = {Ousterhout, Kay and Wendell, Patrick and Zaharia, Matei and Stoica, Ion}
    , booktitle = sosp
    , month = nov
    , pages = {69--84}
    , title = {Sparrow: Distributed, Low Latency Scheduling}
    , year = 2013
}

@article{Pacitti2005
    , author = {Pacitti, Esther and Coulon, C{\'{e}}dric and Valduriez, Patrick and {\"{O}}zsu, M. Tamer}
    , journal = {Distributed and Parallel Databases}
    , month = nov
    , number = {3}
    , pages = {223--251}
    , title = {Preventive Replication in a Database Cluster}
    , volume = {18}
    , year = 2005
}

@inproceedings{Padhye2012
    , author = {Padhye, Vinit and Tripathi, Anand}
    , booktitle = srds
    , month = oct
    , pages = {261--266}
    , title = {Causally Coordinated Snapshot Isolation for Geographically Replicated Data}
    , year = 2012
}

@inproceedings{Padhye2013a
    , author = {Padhye, V and Tripathi, A}
    , booktitle = srds
    , title = {Transaction Management using Causal Snapshot Isolation in Partially Replicated Databases}
    , year = 2013
}

@inproceedings{Padilha
    , author = {Padilha, Ricardo and Pedone, Fernando}
    , booktitle = eurosys
    , pages = {99--112}
    , title = {Augustus : Scalable and Robust Storage for Cloud Applications}
    , year = 2013
}

@inproceedings{Palkar2015
    , author = {Palkar, Shoumik and Lan, Chang and Han, Sangjin and Jang, Keon and Panda, Aurojit and Ratnasamy, Sylvia and Rizzo, Luigi and Shenker, Scott}
    , booktitle = sosp
    , pages = {121--136}
    , title = {E2: A Framework for NFV Applications Shoumik}
    , year = 2015
}

@inproceedings{Palmieri2010
    , author = {Palmieri, Roberto and Quaglia, Francesco and Romano, Paolo and Carvalho, Nuno}
    , booktitle = {2010 IEEE International Symposium on Parallel Distributed Processing Workshops and Phd Forum IPDPSW}
    , pages = {1--8}
    , title = {Evaluating database-oriented replication schemes in Software Transactional Memory systems}
    , year = 2010
}

@article{Papadimitriou1979
    , author = {Papadimitriou, Christos H.}
    , journal = jacm
    , month = oct
    , number = {4}
    , pages = {631--653}
    , title = {The serializability of concurrent database updates}
    , volume = {26}
    , year = 1979
}

@inproceedings{Park:2015:FLS:2786805.2786807
    , author = {Park, Jongse and Esmaeilzadeh, Hadi and Zhang, Xin and Naik, Mayur and Harris, William}
    , booktitle = {Joint Meeting on Foundations of Software Engineering}
    , pages = {745--757}
    , title = {FlexJava: Language Support for Safe and Modular Approximate Programming}
    , year = 2015
}

@article{Parker1983
    , author = {{Parker Jr.}, Douglas Stott and Popek, Gerald J. and Rudisin, Gerard and Stoughton, Allen and Walker, Bruce J. and Walton, Evelyn and Chow, Johanna M. and Edwards, David A. and Kiser, Stephen and Kline, Charles S.}
    , journal = ieeese
    , month = may
    , number = {3}
    , pages = {240--247}
    , title = {Detection of Mutual Inconsistency in Distributed Systems}
    , volume = {SE-9}
    , year = 1983
}

@inproceedings{Patino-Martinez2000
    , author = {Pati{\~{n}}o-Mart{\'{i}}nez, Marta and Jim{\'{e}}nez-Peris, Ricardo and Kemme, Bettina and Alonso, Gustavo}
    , booktitle = disc
    , month = oct
    , pages = {315--329}
    , title = {Scalable Replication in Database Clusters}
    , year = 2000
}

@article{Patino-Martinez2005
    , author = {Pati{\~{n}}o-Martinez, Marta and Jim{\'{e}}nez-Peris, Ricardo and Kemme, Bettina and Alonso, Gustavo}
    , journal = tocs
    , month = nov
    , number = {4}
    , pages = {375--423}
    , title = {MIDDLE-R: Consistent database replication at the middleware level}
    , volume = {23}
    , year = 2005
}

@article{Patterson2012
    , author = {Patterson, Stacy and Elmore, Aaron J. and Nawab, Faisal and Agrawal, Divyakant and {El Abbadi}, Amr}
    , journal = vldb
    , month = jul
    , number = {11}
    , pages = {1459--1470}
    , title = {Serializability, not serial: concurrency control and availability in multi-datacenter datastores}
    , volume = {5}
    , year = 2012
}

@phdthesis{Payberah2013
    , author = {Payberah, Amir}
    , title = {Live Streaming in P2P and Hybrid P2P-Cloud Environments for the Open Internet}
    , year = 2013
}

@article{Payberah2014
    , author = {Payberah, Amir H}
    , title = {Spark and Resilient Distributed Datasets MapReduce greatly simplified big data analysis on large , unreliable}
    , year = 2014
}

@inproceedings{Pedone1997
    , author = {Pedone, Fernando and Guerraoui, Rachid}
    , booktitle = {Proceedings Pacific Rim International Symposium on Fault-Tolerant Systems}
    , month = dec
    , pages = {104--109}
    , title = {On transaction liveness in replicated databases}
    , year = 1997
}

@inproceedings{Pedone1998
    , author = {Pedone, Fernando and Guerraoui, Rachid and Schiper, Andr{\'{e}}}
    , booktitle = europar
    , editor = {{Pritchard, David and Reeve}, Jeff}
    , pages = {513--520}
    , title = {Exploiting atomic broadcast in replicated databases}
    , year = 1998
}

@inproceedings{Pedone1999
    , author = {{Fernando Pedone}, Andr{\'{e}} Schiper}
    , booktitle = disc
    , pages = {94--108}
    , title = {Generic Broadcast}
    , year = 1999
}

@article{Pedone2003
    , author = {Pedone, Fernando and Guerraoui, Rachid and Schiper, Andr{\'{e}}}
    , journal = {Distributed and Parallel Databases}
    , month = jul
    , number = {1}
    , pages = {71--98}
    , title = {The Database State Machine Approach}
    , volume = {14}
    , year = 2003
}

@article{Pedone2003b
    , author = {Pedone, Fernando and Schiper, Andr{\'{e}}}
    , journal = {Theoretical Computer Science}
    , month = jan
    , number = {1}
    , pages = {79--101}
    , title = {Optimistic atomic broadcast: a pragmatic viewpoint}
    , volume = {291}
    , year = 2003
}

@article{Pedone2008
    , author = {Pedone, Fernando and Fr{\o}lund, Svend}
    , journal = jpdc
    , month = feb
    , number = {2}
    , pages = {150--164}
    , title = {Pronto: High availability for standard off-the-shelf databases}
    , volume = {68}
    , year = 2008
}

@inproceedings{Peluso2012
    , author = {Peluso, Sebastiano and Ruivo, Pedro and Romano, Paolo and Quaglia, Francesco and Rodrigues, Luis}
    , booktitle = icdcs
    , pages = {455--465}
    , title = {When Scalability Meets Consistency: Genuine Multiversion Update-Serializable Partial Data Replication}
    , type = {Paper}
    , year = 2012
}

@inproceedings{Peluso2012a
    , author = {Peluso, Sebastiano and Romano, Paolo and Quaglia, Francesco}
    , booktitle = middleware
    , month = dec
    , pages = {456--475}
    , title = {SCORe: a scalable one-copy serializable partial replication protocol}
    , year = 2012
}

@techreport{Peluso2014
    , author = {Peluso, Sebastiano and Palmieri, Roberto and Romano, Paolo and Ist, Inesc-id and Quaglia, Francesco}
    , institution = {Virginia Tech}
    , title = {On Breaching the Wall of Impossibility Results on Disjoint-Access Parallel STM}
    , year = 2014
}

@inproceedings{Peng:2010:LIP:1924943.1924961
    , author = {Peng, Daniel and Dabek, Frank}
    , booktitle = osdi
    , pages = {1--15}
    , title = {Large-scale incremental processing using distributed transactions and notifications}
    , year = 2010
}

@article{Perez-Sorrosal2011
    , author = {Perez-Sorrosal, Francisco and Pati{\~{n}}o-Martinez, Marta and Jim{\'{e}}nez-Peris, Ricardo and Kemme, Bettina}
    , journal = vldbj
    , month = apr
    , number = {6}
    , pages = {841--865}
    , title = {Elastic SI-Cache: consistent and scalable caching in multi-tier architectures}
    , volume = {20}
    , year = 2011
}

@misc{PeytonJones
    , author = {{Peyton Jones}, Simon L.}
    , title = {How to write a good research proposal}
}

@article{PeytonJones1993
    , author = {{Peyton Jones}, Simon L. and Hughes, John and Launchbury, John}
    , journal = {ACM SIGPLAN Notices}
    , month = nov
    , number = {11}
    , pages = {9--12}
    , title = {How to give a good research talk}
    , volume = {28}
    , year = 1993
}

@inproceedings{Plattner2004
    , author = {Plattner, Christian and Alonso, Gustavo}
    , booktitle = Middleware
    , pages = {155--174}
    , title = {Ganymed: Scalable replication for transactional web applications}
    , year = 2004
}

@inproceedings{Popa2011
    , author = {Popa, Raluca Ada and Redfield, Catherine M. S. and Zeldovich, Nickolai and Balakrishnan, Hari}
    , booktitle = sosp
    , pages = {85--100}
    , title = {Cryptdb: protecting confidentiality with encrypted query processing}
    , year = 2011
}

@misc{Postgre
    , author = {PostgreSQL}
    , title = {PostgreSQL Documentation}
    , year = 2014
}

@techreport{Preguica2010
    , archiveprefix = {arXiv}
    , arxivid = {1011.5808}
    , author = {Pregui{\c{c}}a, Nuno and Baquero, Carlos and Almeida, Paulo S{\'{e}}rgio and Fonte, Victor and Gon{\c{c}}alves, Ricardo}
    , eprint = {1011.5808}
    , month = nov
    , pages = {12}
    , title = {Dotted Version Vectors: Logical Clocks for Optimistic Replication}
    , year = 2010
}

@article{Pu1991
    , author = {Pu, Calton and Leff, Avraham}
    , journal = {ACM SIGMOD Record}
    , month = apr
    , number = {2}
    , pages = {377--386}
    , title = {Replica control in distributed systems}
    , volume = {20}
    , year = 1991
}

@inproceedings{Qiu2001
    , author = {{Lili Qiu, Venkata N. Padmanabhan}, Geoffrey M. Voelker}
    , booktitle = infocom
    , pages = {1587--1596}
    , title = {On the placement of web server replicas}
    , year = 2001
}

@inproceedings{Rabkin2014
    , author = {Rabkin, Ariel and Arye, Matvey and Sen, Siddhartha and Pai, Vivek S and Freedman, Michael J and Nsdi, Implementation}
    , booktitle = nsdi
    , title = {Aggregation and Degradation in JetStream : Streaming Analytics in the Wide Area This paper is included in the Proceedings of the Aggregation and Degradation in JetStream : Streaming analytics in the wide area}
    , year = 2014
}

@inproceedings{Radoi2014
    , author = {Radoi, Cosmin and Fink, Stephen J. and Rabbah, Rodric and Sridharan, Manu}
    , booktitle = oopsla
    , month = oct
    , pages = {909--927}
    , title = {Translating imperative code to MapReduce}
    , year = 2014
}

@article{Rajan2010
    , author = {Rajan, Kaushik and Rajamani, Sriram and Yaduvanshi, Shashank}
    , journal = {ACM SIGPLAN Notices}
    , month = may
    , number = {6}
    , pages = {210}
    , title = {GUESSTIMATE: a programming model for collaborative distributed systems}
    , volume = {45}
    , year = 2010
}

@unpublished{Ramalingam
    , author = {Ramalingam, G and Vaswani, Kapil}
    , booktitle = Context
    , title = {Molecular Transactions}
}

@article{Rao2011
    , author = {Rao, Jun and Shekita, Eugene J. and Tata, Sandeep}
    , journal = vldb
    , month = jan
    , number = {4}
    , pages = {243--254}
    , title = {Using Paxos to build a scalable, consistent, and highly available datastore}
    , volume = {4}
    , year = 2011
}

@article{Ravi2010
    , author = {Ravi, Srivatsan and Gramoli, Vincent and Luchangco, Victor}
    , journal = {ACM SIGACT News}
    , month = dec
    , number = {4}
    , pages = {109}
    , title = {Transactional memory, linking theory and practice}
    , volume = {41}
    , year = 2010
}

@inproceedings{Raynal97
    , author = {Raynal, Michel and Thia-Kime, G. and Ahamad, Mustaque}
    , booktitle = {EUROMICRO Conference: New Frontiers of Information Technology}
    , pages = {314--321}
    , title = {From serializable to causal transactions for collaborative applications}
    , year = 1997
}

@article{Replication
    , author = {Replication, Large-scale Transaction and Keidar, Idit and Martin, Jean-philippe}
    , number = {2}
    , pages = {68--80}
    , title = {Distributed Computing Column 51}
    , volume = {40}
}

@article{Ressel1996
    , author = {Ressel, Matthias and Nitsche-Ruhland, Doris and Gunzenh{\"{a}}user, Rul}
    , journal = {Proceedings of the 1996 ACM conference on Computer supported cooperative work - CSCW '96}
    , pages = {288--297}
    , title = {An integrating, transformation-oriented approach to concurrency control and undo in group editors}
    , year = 1996
}

@inproceedings{Ridge2015
    , author = {Ridge, Tom and Sheets, David and Tuerk, Thomas and Giugliano, Andrea and Madhavapeddy, Anil and Sewell, Peter}
    , booktitle = sosp
    , pages = {38--53}
    , title = {SibylFS : formal specification and oracle-based testing for POSIX and real-world file systems}
    , year = 2015
}

@inproceedings{Riegel2006
    , author = {Riegel, Torvald and Fetzer, Christof and Felber, Pascal}
    , booktitle = {first ACM SIGPLAN Workshop on Languages, Compilers, and Hardware Support for Transactional Computing}
    , title = {Snapshot isolation for software transactional memory}
    , year = 2006
}

@inproceedings{Riegel2007
    , author = {Riegel, Torval and Fetzer, Christof and Sturzrehm, Heiko and Felber, Pascal}
    , booktitle = podc
    , month = aug
    , pages = {340}
    , title = {From causal to z-linearizable transactional memory}
    , year = 2007
}

@inproceedings{Ristenpart2009
    , author = {Ristenpart, Thomas and Tromer, Eran}
    , booktitle = ccs
    , pages = {199--212}
    , pmid = {1588323}
    , title = {Hey, you, get off of my cloud: exploring information leakage in third-party compute clouds}
    , year = 2009
}

@inproceedings{Romano2008
    , author = {Romano, Paolo and Carvalho, Nuno and Rodrigues, Luis}
    , booktitle = ladis
    , month = sep
    , pages = {1}
    , title = {Towards distributed software transactional memory systems}
    , year = 2008
}

@inproceedings{Romano2013
    , author = {Diegues, Nuno and Romano, Paolo}
    , booktitle = icdcs
    , number = {September}
    , pages = {104--113}
    , title = {STI-BT : A Scalable Transactional Index}
    , year = 2014
}

@inproceedings{RomanoWTTM12
    , author = {Peluso, Sebastiano and Romano, Paolo and Quaglia, Francesco}
    , booktitle = wttm
    , month = jul
    , title = {Genuine replication, opacity and wait-free read transactions: can a STM get them all?}
    , year = 2012
}

@inproceedings{Ruivo2011
    , author = {Ruivo, Pedro and Couceiro, Maria and Romano, Paolo and Rodrigues, Luis}
    , booktitle = {IEEE Pacific Rim International Symposium on Dependable Computing}
    , pages = {99--108}
    , title = {Exploiting Total Order Multicast in Weakly Consistent Transactional Caches}
    , year = 2011
}

@article{Saltzer1984
    , author = {Saltzer, J. H. and Reed, D. P. and Clark, D. D.}
    , journal = tocs
    , month = nov
    , number = {4}
    , pages = {277--288}
    , title = {End-to-end arguments in system design}
    , volume = {2}
    , year = 1984
}

@article{Saltzer:1984:EAS:357401.357402
    , author = {Saltzer, J H and Reed, D P and Clark, D D}
    , journal = tocs
    , month = nov
    , number = {4}
    , pages = {277--288}
    , title = {End-to-end arguments in system design}
    , volume = {2}
    , year = 1984
}

@misc{SAP
    , author = {SAP}
    , title = {SAP HANA SQL and System Views References}
    , year = 2014
}

@inproceedings{Schintke2010
    , author = {Schintke, Florian and Reinefeld, Alexander and Haridi, Seif and Sch{\"{u}}tt, Thorsten}
    , booktitle = ccgrid
    , month = may
    , pages = {448--454}
    , title = {Enhanced Paxos Commit for Transactions on DHTs}
    , year = 2010
}

@article{Schiper1991
    , author = {Schiper, Andr{\'{e}} and Birman, Ken and Stephenson, Pat}
    , journal = tods
    , month = aug
    , number = {3}
    , pages = {272--314}
    , title = {Lightweight causal and atomic group multicast}
    , volume = {9}
    , year = 1991
}

@article{Schiper1997
    , author = {Schiper, Andr{\'{e}}}
    , journal = {Distributed Computing}
    , month = mar
    , number = {3}
    , pages = {149--157}
    , title = {Early consensus in an asynchronous system with a weak failure detector}
    , volume = {10}
    , year = 1997
}

@inproceedings{Schiper2006
    , author = {Schiper, Nicolas and Schmidt, Rodrigo and Pedone, Fernando}
    , booktitle = disc
    , pages = {557--559}
    , title = {Brief Announcement: Optimistic Algorithms for Partial Database Replication}
    , volume = {4305}
    , year = 2006
}

@inproceedings{Schiper2006a
    , author = {Schiper, Nicolas and Schmidt, Rodrigo and Pedone, Fernando}
    , booktitle = opodis
    , month = dec
    , pages = {81--93}
    , title = {Optimistic algorithms for partial database replication}
    , year = 2006
}

@inproceedings{Schiper2008
    , author = {Schiper, Nicolas and Pedone, Fernando}
    , booktitle = icdcn
    , pages = {147--157}
    , title = {On the Inherent Cost of Atomic Broadcast and Multicast Algorithms in Wide Area Networks}
    , year = 2008
}

@inproceedings{Schiper2008a
    , author = {Schiper, Nicolas and Toueg, Sam}
    , booktitle = dsn
    , pages = {207--216}
    , title = {A robust and lightweight stable leader election service for dynamic systems}
    , year = 2008
}

@phdthesis{Schiper2009
    , author = {Schiper, Nicolas}
    , number = {October}
    , school = {University of Lugano}
    , title = {On Multicast Primitives in Large Networks and Partial Replication Protocols presented by}
    , year = 2009
}

@inproceedings{Schiper2009a
    , author = {Schiper, Nicolas and Sutra, Pierre and Pedone, Fernando}
    , booktitle = srds
    , month = sep
    , pages = {166--175}
    , title = {Genuine versus Non-Genuine Atomic Multicast Protocols for Wide Area Networks: An Empirical Study}
    , year = 2009
}

@inproceedings{Schiper2010
    , author = {Schiper, Nicolas and Sutra, Pierre and Pedone, Fernando}
    , booktitle = srds
    , month = oct
    , pages = {214--224}
    , title = {P-Store: Genuine Partial Replication in Wide Area Networks}
    , year = 2010
}

@article{Schmid2001
    , author = {Schmid, Ulrich and Schossmaier, Klaus}
    , journal = {Distributed Computing}
    , month = apr
    , number = {2}
    , pages = {101--111}
    , title = {How to Reconcile Fault-tolerant Interval Intersection with the Lipschitz Condition}
    , volume = {14}
    , year = 2001
}

@inproceedings{Schmidt2007
    , author = {Schmidt, Rodrigo and Pedone, Fernando}
    , booktitle = opodis
    , month = dec
    , pages = {16--30}
    , title = {A formal analysis of the deferred update technique}
    , year = 2007
}

@phdthesis{Schmidt2008
    , author = {{Malta Schmidt}, Rodrigo}
    , school = {IC}
    , title = {Deferred-update database replication}
    , year = 2008
}

@misc{Schneider1990
    , author = {Schneider, Fred B.}
    , pages = {299--319}
    , title = {Implementing Fault-Tolerant Services Using the State Machine Approach: A Tutorial}
    , volume = {22}
    , year = 1990
}

@incollection{Schneider1990a
    , author = {Schneider, Fred B.}
    , booktitle = {Fault-Tolerant Distributed Computing}
    , editor = {Simons, Barbara and Spector, Alfred}
    , pages = {18--41}
    , title = {The state machine approach: A tutorial}
    , volume = {448}
    , year = 1990
}

@phdthesis{Schutt2009
    , author = {Sch{\"{u}}tt, Thorsten}
    , month = jan
    , number = {4}
    , pages = {127}
    , school = {Zuse University Berlin}
    , title = {Needles and haystacks: the location of lizard eggs in sand dunes}
    , volume = {15}
    , year = 2009
}

@inproceedings{Schwarzkopf2012
    , author = {Schwarzkopf, Malte and Murray, Derek G and Hand, Steven}
    , booktitle = hotcloud
    , title = {The Seven Deadly Sins of Cloud Computing Research}
    , year = 2012
}

@inproceedings{Schwarzkopf2013
    , author = {Schwarzkopf, Malte and Konwinski, Andy}
    , booktitle = eurosys
    , pages = {351--364}
    , title = {Omega: flexible, scalable schedulers for large compute clusters}
    , year = 2013
}

@inproceedings{Sciascia2012
    , author = {Sciascia, Daniele and Pedone, Fernando}
    , booktitle = dsn
    , pages = {1--12}
    , title = {Scalable Deferred Update Replication}
    , year = 2012
}

@inproceedings{Sciascia2013
    , author = {Sciascia, Daniele and Pedone, Fernando}
    , booktitle = dsn
    , pages = {1--12}
    , title = {Geo-replicated storage with scalable deferred update replication}
    , year = 2013
}

@inproceedings{Sciasciaa
    , author = {Sciascia, Daniele and Pedone, Fernando}
    , booktitle = srds
    , pages = {81--90}
    , title = {RAM-DUR : In-Memory Deferred Update Replication}
    , year = 2012
}

@phdthesis{SciasciaPhD
    , author = {Sciascia, Daniele}
    , number = {March}
    , school = {Universit{\`{a}} della Svizzera Italiana}
    , title = {High Performance Deferred Update Replication presented by}
    , year = 2015
}

@article{Serafini
    , author = {Serafini, Marco and Dobre, Dan and Majuntke, Matthias and Bokor, P{\'{e}}ter and Suri, Neeraj}
    , journal = Complexity
    , title = {Eventually Linearizable Shared Objects}
}

@inproceedings{Serafini2008
    , author = {Serafini, Marco and Suri, Neeraj}
    , booktitle = ladis
    , month = sep
    , pages = {14:1--14:5}
    , title = {Reducing the costs of large-scale BFT replication}
    , year = 2008
}

@phdthesis{SergeyLEGTCHENKO2012
    , author = {Sergey LEGTCHENKO}
    , title = {Adaptation dynamique des architectures r{\'{e}}parties pour jeux massivement multijoueurs}
    , year = 2012
}

@inproceedings{Serrano2007
    , author = {Serrano, Dami{\'{a}}n and Pati{\~{n}}o-Mart{\'{i}}nez, Marta and Jim{\'{e}}nez-Peris, Ricardo and Kemme, Bettina}
    , booktitle = prdc
    , month = dec
    , pages = {290--297}
    , title = {Boosting Database Replication Scalability through Partial Replication and 1-Copy-Snapshot-Isolation}
    , year = 2007
}

@inproceedings{Serrano2008
    , author = {Serrano, Dami{\'{a}}n and Pati{\~{n}}o-Mart{\'{i}}nez, Marta and Jim{\'{e}}nez-Peris, Ricardo and Kemme, Bettina}
    , booktitle = srds
    , month = oct
    , pages = {127--136}
    , title = {An Autonomic Approach for Replication of Internet-based Services}
    , year = 2008
}

@inproceedings{Shafagh2015
    , author = {Shafagh, Hossein and Hithnawi, Anwar and Dröscher, Andreas and Duquennoy, Simon and Hu, Wen}
    , booktitle = sensys
    , title = {Talos: Encrypted Query Processing for the Internet of Things}
    , year = 2015
}

@inproceedings{Shah2004
    , author = {Shah, Mehul A and Hellerstein, Joseph M and Brewer, Eric}
    , booktitle = sigmod
    , pages = {827--838}
    , title = {Highly Available, Fault-tolerant, Parallel Dataflows}
    , year = 2004
}

@inproceedings{Shapiro2011
    , author = {Shapiro, Marc and Pregui{\c{c}}a, Nuno and Baquero, Carlos and Zawirski, Marek}
    , booktitle = sss
    , month = oct
    , pages = {386--400}
    , title = {Conflict-free Replicated Data Types}
    , volume = {6976}
    , year = 2011
}

@inproceedings{Shavit1995
    , author = {Shavit, Nir and Touitou, Dan}
    , booktitle = podc
    , month = aug
    , pages = {204--213}
    , title = {Software transactional memory}
    , year = 1995
}

@inproceedings{Shavit:1995:STM:224964.224987
    , author = {Shavit, Nir and Touitou, Dan}
    , booktitle = podc
    , pages = {204--213}
    , title = {Software transactional memory}
    , year = 1995
}

@article{ShivakantMishra
    , author = {{Shivakant Mishra}, Christof Fetzer}
    , title = {The Timewheel Asynchronous Atomic Broadcast Protocol}
}

@book{Shotts2009
    , author = {Shotts, William E and Book, A Linuxcommand}
    , pages = {522}
    , title = {The Linux Command Line}
    , year = 2009
}

@inproceedings{Shvachko:2010
    , author = {Shvachko, Konstantin and Kuang, Hairong and Radia, Sanjay and Chansler, Robert}
    , booktitle = {Symp. on Mass Storage Systems and Technologies (MSST)}
    , title = {The Hadoop distributed file system}
    , year = 2010
}

@incollection{Siciliano2008
    , author = {Siciliano, Bruno and Khatib, Oussama}
    , booktitle = {Springer handbook of robotics}
    , chapter = {25. Multis}
    , pages = {585--610}
    , title = {Springer handbook of robotics}
    , year = 2008
}

@book{Siewiorek1998
    , author = {Siewiorek, Daniel P and Swarz, Robert S}
    , title = {Reliable Computer Systems (3rd Ed.): Design and Evaluation}
    , year = 1998
}

@misc{simpledb
    , author = {Amazon Web Services}
    , title = {Amazon SimpleDB}
    , urldate = {2014-04-30}
}

@book{Simulation
    , author = {Simulation, Measurements and Publishing, Wiley Computer and Wiley, John}
    , title = {The Art of Computer Systems Performance Analysis}
}

@article{Soliman2008
    , author = {Soliman, Mohamed a. and Ilyas, Ihab F. and Chang, Kevin Chen--Chuan}
    , journal = tods
    , number = {3}
    , pages = {1--54}
    , title = {Probabilistic Top-k and Ranking-Aggregate Queries}
    , volume = {33}
    , year = 2008
}

@inproceedings{Soundararajan2006
    , author = {Soundararajan, Gokul and Amza, Cristiana and Goel, Ashvin}
    , booktitle = Eurosys
    , month = oct
    , pages = {89--102}
    , title = {Database replication policies for dynamic content applications}
    , year = 2006
}

@inproceedings{Sousa2001
    , author = {Sousa, Ant{\'{o}}nio and Ferreira, Pinto and Pedone, Fernando and Oliveira, Rui and Moura, Francisco}
    , booktitle = nca
    , pages = {298--309}
    , title = {Partial replication in the Database State Machine}
    , year = 2001
}

@article{Sovran
    , author = {Sovran, Yair and Power, Russell and Aguilera, Marcos K and Li, Jinyang}
    , title = {Transactional storage for geo-replicated systems}
}

@inproceedings{Sovran2011
    , author = {Sovran, Yair and Power, Russell and Aguilera, Marcos K. and Li, Jinyuan}
    , booktitle = sosp
    , pages = {385--400}
    , title = {Transactional storage for geo-replicated systems}
    , year = 2011
}

@article{Sowell2012
    , author = {Sowell, Benjamin and Golab, Wojciech and Shah, Mehul A.}
    , journal = vldb
    , month = may
    , number = {9}
    , pages = {884--895}
    , title = {Minuet: a scalable distributed multiversion B-tree}
    , volume = {5}
    , year = 2012
}

@inproceedings{Spear2006a
    , author = {Spear, Michael F and Marathe, Virendra J and Scherer, William N and Scott, Michael L.}
    , booktitle = disc
    , pages = {179--193}
    , title = {Conflict Detection and Validation Strategies for Software Transactional Memory}
    , year = 2006
}

@techreport{Specification2010
    , number = {February}
    , pages = {1--134}
    , title = {TPC Benchmark H}
    , year = 2010
}

@incollection{springerlink:10.1007/11864219_14
    , author = {Dice, Dave and Shalev, Ori and Shavit, Nir}
    , booktitle = {Distributed Computing}
    , editor = {Dolev, Shlomi}
    , pages = {194--208}
    , title = {Transactional Locking II}
    , volume = {4167}
    , year = 2006
}

@incollection{springerlink:10.1007/11864219_20
    , author = {Riegel, Torvald and Felber, Pascal and Fetzer, Christof}
    , booktitle = {Distributed Computing}
    , editor = {Dolev, Shlomi}
    , pages = {284--298}
    , title = {A Lazy Snapshot Algorithm with Eager Validation}
    , volume = {4167}
    , year = 2006
}

@misc{Sqlserver
    , author = {Microsoft Corporation}
    , title = {Transact-SQL Reference}
    , year = 2014
}

@inproceedings{Srinivasan2008
    , author = {Srinivasan, Sriram and Mycroft, Alan}
    , booktitle = ecoop
    , editor = {Vitek, Jan}
    , month = jul
    , pages = {104--128}
    , title = {Kilim: Isolation-Typed Actors for Java}
    , volume = {5142}
    , year = 2008
}

@inproceedings{Stanoi1998
    , author = {Stanoi, Ioana and Agrawal, Divyakant and {El Abbadi}, Amr}
    , booktitle = icdcs
    , month = may
    , pages = {148--155}
    , title = {Using broadcast primitives in replicated databases}
    , year = 1998
}

@book{Steffen2013
    , author = {Steffen, Bernhard}
    , number = {August}
    , title = {LNCS 8097 - Euro-Par 2013 Parallel Processing}
    , year = 2013
}

@inproceedings{Stephen2013
    , author = {Stephen, JulianJames and Eugster, Patrick}
    , booktitle = Middleware
    , pages = {82--102}
    , title = {Assured Cloud-Based Data Analysis with ClusterBFT}
    , year = 2013
}

@inproceedings{Stephen2014
    , author = {Stephen, Julian James and Savvides, Savvas and Seidel, Russell and Eugster, Patrick}
    , booktitle = hotcloud
    , pages = {10}
    , title = {Practical Confidentiality Preserving Big Data Analysis}
    , year = 2014
}

@article{Stewart2004a
    , author = {Stewart, C. and Dwarkadas, S. and Scott, Michael L.}
    , journal = {Distributed Systems Online}
    , month = oct
    , number = {10}
    , pages = {1--1}
    , title = {Profile-Driven Component Placement for Cluster-Based Online Services}
    , volume = {05}
    , year = 2004
}

@inproceedings{Stonebraker2007
    , author = {Stonebraker, Michael and Madden, Samuel and Abadi, Daniel J. and Harizopoulos, Stavros and Hachem, Nabil and Helland, Pat}
    , booktitle = vldb
    , month = sep
    , pages = {1150--1160}
    , title = {The end of an architectural era: (it's time for a complete rewrite)}
    , year = 2007
}

@inproceedings{Subramanian
    , author = {Subramanian, L. and Agarwal, S. and Rexford, J. and Katz, R.H.}
    , booktitle = {Proceedings.Twenty-First Annual Joint Conference of the IEEE Computer and Communications Societies}
    , pages = {618--627}
    , title = {Characterizing the Internet hierarchy from multiple vantage points}
}

@article{Sutra2007
    , author = {Sutra, Pierre and Shapiro, Marc}
    , title = {Comparing Optimistic Database Replication Techniques}
    , year = 2007
}

@inproceedings{Sutra2008
    , author = {Sutra, Pierre and Shapiro, Marc}
    , booktitle = europar
    , pages = {404--413}
    , title = {Fault-Tolerant Partial Replication in Large-Scale Database Systems}
    , year = 2008
}

@phdthesis{Sutra2010
    , author = {Sutra, Pierre}
    , pages = {163}
    , school = {Universit{\'{e}} Pierre et Marie Curie}
    , title = {Efficient Protocols for Generalized Consensus and Partial Replication}
    , year = 2010
}

@inproceedings{Terry1994
    , author = {Terry, Douglas B. and Demers, Alan J. and Petersen, Karin and Spreitzer, Mike and Theimer, Marvin and Welch, Brent W.}
    , booktitle = pdis
    , month = sep
    , pages = {140--149}
    , title = {Session Guarantees for Weakly Consistent Replicated Data}
    , year = 1994
}

@inproceedings{Terry2013
    , author = {Terry, Douglas B. and Prabhakaran, Vijayan and Kotla, Ramakrishna and Balakrishnan, Mahesh and Aguilera, Marcos K. and Abu-Libdeh, Hussam}
    , booktitle = sosp
    , month = nov
    , pages = {309--324}
    , title = {Consistency-based service level agreements for cloud storage}
    , year = 2013
}

@inproceedings{Tetali2013
    , author = {Tetali, Sai Deep and Lesani, Mohsen and Majumdar, Rupak and Millstein, Todd}
    , booktitle = oopsla
    , pages = {271--286}
    , title = {MrCrypt: Static Analysis for Secure Cloud Computations}
    , year = 2013
}

@inproceedings{Thomson2012
    , author = {Thomson, Alexander and Diamond, Thaddeus and Shao, Philip and Abadi, Daniel J.}
    , booktitle = sigmod
    , pages = {1--12}
    , title = {Calvin : Fast Distributed Transactions for Partitioned Database Systems}
    , year = 2012
}

@inproceedings{Tobias2013
    , author = {Freudenreich, Tobias and Eugster, Patrick and Frischbier, Sebastian and Appel, Stefan and Buchmann, Alejandro}
    , booktitle = ecoop
    , pages = {230--254}
    , title = {Implementing Federated Object Systems}
    , year = 2013
}

@article{Torres-Rojas1999
    , author = {Torres-Rojas, Francisco J. and Ahamad, Mustaque}
    , journal = {Distributed Computing}
    , month = sep
    , number = {4}
    , pages = {179--195}
    , title = {Plausible clocks: constant size logical clocks for distributed systems}
    , volume = {12}
    , year = 1999
}

@inproceedings{Toshniwal2014
    , author = {Toshniwal, Ankit and Taneja, Siddarth and Shukla, Amit and Ramasamy, Karthik and Patel, Jignesh M and Kulkarni, Sanjeev and Jackson, Jason and Gade, Krishna and Fu, Maosong and Donham, Jake and Bhagat, Nikunj and Mittal, Sailesh and Ryaboy, Dmitriy}
    , booktitle = sigmod
    , title = {Storm @Twitter}
    , year = 2014
}

@inproceedings{Tran2011
    , author = {Tran, Nguyen and Aguilera, Marcos K. and Balakrishnan, Mahesh}
    , booktitle = usenix-atc
    , title = {Online migration for geo-distributed storage systems}
    , year = 2011
}

@inproceedings{Tu
    , author = {Tu, Huynh and Daniele, Dang and Canini, Marco and Pedone, Fernando and Soul, Robert}
    , booktitle = sosr
    , title = {NetPaxos : Consensus at Network Speed}
    , year = 2015
}

@inproceedings{Tu2013
    , author = {Tu, Stephen and Zheng, Wenting and Kohler, Eddie and Liskov, Barbara and Madden, Samuel}
    , booktitle = sosp
    , month = nov
    , pages = {18--32}
    , title = {Speedy transactions in multicore in-memory databases}
    , year = 2013
}

@article{Tu2013a
    , author = {Tu, Stephen and Kaashoek, M. Frans and Madden, Samuel and Zeldovich, Nickolai}
    , journal = pvldb
    , number = {5}
    , pages = {289--300}
    , title = {Processing analytical queries over encrypted data}
    , volume = {6}
    , year = 2013
}

@techreport{Turcu
    , author = {Turcu, Alexandru and Peluso, Sebastiano and Palmieri, Roberto and Ravindran, Binoy}
    , title = {Be General and Don ' t Give Up Consistency : A LVIN , an Approach for Geo-Replicated Transactional Systems}
}

@inproceedings{Turcua2014
    , author = {Turcu, Alexandru and Tech, Virginia}
    , booktitle = systor
    , pages = {12:1--12:11}
    , title = {Automated Data Partitioning for Highly Scalable and Strongly Consistent Transactions}
    , year = 2014
}

@inproceedings{VaidZuikeviciute2005
    , author = {{Vaid Zuikeviciute}, Fernando Pedone}
    , booktitle = {In VLDB Workshop on Design, Implementation, and Deployment of Database Replication}
    , title = {Revisiting the Database State Machine Approach}
    , year = 2005
}

@article{VanRenesse2004
    , author = {van Renesse, Robbert and Schneider, Fred B.}
    , journal = osdi
    , month = dec
    , pages = {7}
    , title = {Chain replication for supporting high throughput and availability}
    , year = 2004
}

@inproceedings{Vasisht2016
    , author = {Vasisht, Deepak and Kumar, Swarun and Katabi, Dina}
    , booktitle = nsdi
    , title = {Decimeter-Level Localization with a Single WiFi Access Point}
    , year = 2016
}

@inproceedings{Vavilapalli2013
    , author = {{Vinod Kumar Vavilapalli} and {Arun C Murthy} and {Chris Douglas} and {Sharad Agarwali} and {Mahadev Konar} and {Robert Evans} and {Thomas Graves} and {Jason Lowe} and {Hitesh Shah} and {Siddharth Seth} and {Bikas Saha} and {Carlo Curino} and {Owen O'Malley} and {Sanjay Radia} and {Benjamin Reed} and {Eric Baldeschwieler}}
    , booktitle = socc
    , pages = {16}
    , title = {Apache Hadoop YARN : Yet Another Resource Negotiator}
    , year = 2013
}

@inproceedings{Venkataraman2012
    , author = {Venkataraman, Shivaram and Roy, Indrajit and AuYoung, Alvin and Schreiber, Robert S.}
    , booktitle = hotcloud
    , month = jun
    , pages = {11}
    , title = {Using R for iterative and incremental processing}
    , year = 2012
}

@inproceedings{Venkataramani2001
    , author = {Venkataramani, Arun and Weidmann, Phoebe and Dahlin, Mike}
    , booktitle = podc
    , month = aug
    , pages = {134--143}
    , title = {Bandwidth constrained placement in a WAN}
    , year = 2001
}

@inproceedings{Verma2015
    , author = {Verma, Abhishek and Pedrosa, Luis and Korupolu, Madhukar and Oppenheimer, David and Tune, Eric and Wilkes, John}
    , booktitle = Eurosys
    , title = {Large-scale cluster management at Google with Borg}
    , year = 2015
}

@inproceedings{Vishwanath2010
    , author = {Vishwanath, Kashi Venkatesh and Nagappan, Nachiappan}
    , booktitle = socc
    , month = jun
    , pages = {193--204}
    , title = {Characterizing cloud computing hardware reliability}
    , year = 2010
}

@inproceedings{Vitek2011
    , author = {Vitek, Jan and Kalibera, Tomas}
    , booktitle = {Proceedings of the ninth ACM international conference on Embedded software - EMSOFT '11}
    , month = oct
    , pages = {33}
    , title = {Repeatability, reproducibility, and rigor in systems research}
    , year = 2011
}

@article{Vitenberg2001
    , author = {{Roman Vitenberg, Idit Keidar, Gregory V. Chockler}, Danny Dolev and Chockler, Gregory V. and Keidar, Idit and Vitenberg, Roman}
    , journal = acmcs
    , month = dec
    , number = {4}
    , pages = {427--469}
    , title = {Group communication specifications: a comprehensive study}
    , volume = {33}
    , year = 2001
}

@article{Vo:2010:TET:1920841.1920907
    , author = {Vo, Hoang Tam and Chen, Chun and Ooi, Beng Chin}
    , journal = pvldb
    , month = sep
    , number = {1-2}
    , pages = {506--514}
    , title = {Towards elastic transactional cloud storage with range query support}
    , volume = {3}
    , year = 2010
}

@article{Wada2011
    , author = {Wada, Hiroshi and Fekete, Alan D. and Zhao, Liang and Lee, Kevin and Liu, Anna}
    , journal = {CIDR 2011}
    , title = {Data Consistency Properties and the Trade offs in Commercial Cloud Storages: the Consumers' Perspective}
    , year = 2011
}

@inproceedings{Wang12Gnothi
    , author = {Wang, Yang and Alvisi, Lorenzo and Dahlin, Mike}
    , booktitle = usenix-atc
    , month = jun
    , pages = {38}
    , title = {Gnothi: Separating Data and Metadata for Efficient and Available Storage Replication}
    , year = 2012
}

@techreport{Wang2012
    , author = {Wang, Shiyuan and Agrawal, Divyakant and Abbadi, Amr El}
    , title = {Is Homomorphic Encryption the Holy Grail for Database Queries on Encrypted Data ?}
    , year = 2012
}

@inproceedings{Wang2013
    , author = {Wang, Xi and Zeldovich, Nickolai and Kaashoek, M. Frans and Solar-Lezama, Armando}
    , booktitle = sosp
    , month = nov
    , pages = {260--275}
    , title = {Towards optimization-safe systems}
    , year = 2013
}

@inproceedings{Weil2006
    , author = {Weil, Sage A. and Brandt, Scott A. and Miller, Ethan L. and Long, Darrell D. E. and Maltzahn, Carlos}
    , booktitle = osdi
    , month = nov
    , pages = {307--320}
    , title = {Ceph: a scalable, high-performance distributed file system}
    , year = 2006
}

@article{Werner2008
    , author = {Vogels, Werner}
    , journal = acmqueue
    , month = oct
    , number = {6}
    , pages = {14--19}
    , title = {Eventually Consistent}
    , volume = {6}
    , year = 2008
}

@inproceedings{Wiesmann2000
    , author = {Wiesmann, Matthias and Pedone, Fernando and Schiper, Andr{\'{e}} and Fern, Matthias Wiesmann and Kemme, Bettina and Alonso, Gustavo}
    , booktitle = srds
    , pages = {206--}
    , title = {Database Replication Techniques: a Three Parameter Classification}
    , year = 2000
}

@inproceedings{Wiesmann2000a
    , author = {Wiesmann, Matthias and Pedone, Fernando and Schiper, Andr{\'{e}} and Kemme, Bettina and Alonso, Gustavo}
    , booktitle = icdcs
    , language = {English}
    , pages = {464--474}
    , title = {Understanding replication in databases and distributed systems}
    , year = 2000
}

@article{Wiesmann2005
    , author = {Wiesmann, Matthias and Schiper, Andr{\'{e}}}
    , journal = {IEEE Transactions on Knowledge and Data Engineering}
    , number = {4}
    , pages = {551--566}
    , title = {Comparison of database replication techniques based on total order broadcast}
    , volume = {17}
    , year = 2005
}

@article{Wolfson1997
    , author = {Wolfson, Ouri and Jajodia, Sushil and Huang, Yixiu}
    , journal = tods
    , month = jun
    , number = {2}
    , pages = {255--314}
    , title = {An adaptive data replication algorithm}
    , volume = {22}
    , year = 1997
}

@article{Wso22015
    , author = {Wso2}
    , pages = {1--19}
    , title = {A Reference Architecture for the Internet of Things}
    , year = 2015
}

@article{Wu2010
    , author = {Wu, Sai and Jiang, Dawei and Ooi, Beng Chin and Wu, Kun-Lung}
    , journal = pvldb
    , month = sep
    , number = {1-2}
    , pages = {1207--1218}
    , title = {Efficient B-tree based indexing for cloud data processing}
    , volume = {3}
    , year = 2010
}

@inproceedings{Wu2013
    , author = {Wu, Zhe and Butkiewicz, Michael and Perkins, Dorian and Katz-Bassett, Ethan and Madhyastha, Harsha V.}
    , booktitle = sosp
    , month = nov
    , pages = {292--308}
    , title = {SPANStore}
    , year = 2013
}

@inproceedings{Xiao2014
    , author = {Xiao, Tian and Zhang, Jiaxing and Zhou, Hucheng and Guo, Zhenyu and McDirmid, Sean and Lin, Wei and Chen, Wenguang and Zhou, Lidong}
    , booktitle = icse
    , pages = {44--53}
    , title = {Nondeterminism in MapReduce considered harmful? an empirical study on non-commutative aggregators in MapReduce programs}
    , year = 2014
}

@inproceedings{XingdaWei2015
    , author = {{Xingda Wei} and {Jiaxin Shi} and Chen, Yanzhe and Chen, Rong and Chen, Haibo}
    , booktitle = sosp
    , pages = {87--104}
    , title = {Fast In-memory Transaction Processing using RDMA and RTM}
    , year = 2015
}

@inproceedings{Yabandeh2012
    , author = {Yabandeh, Maysam and {G{\'{o}}mez Ferro}, Daniel}
    , booktitle = eurosys
    , month = apr
    , pages = {155}
    , title = {A critique of snapshot isolation}
    , year = 2012
}

@inproceedings{Yair2002
    , author = {Amir, Yair and Tutu, Ciprian}
    , booktitle = icdcs
    , pages = {494--503}
    , title = {From total order to database replication}
    , year = 2002
}

@inproceedings{Yang2007
    , author = {Yang, Hung-chih and Dasdan, Ali and Hsiao, Ruey-Lung and Parker, D. Stott}
    , booktitle = sigmod
    , pages = {1029}
    , title = {Map-reduce-merge: simplified relational data processing on large clusters}
    , year = 2007
}

@inproceedings{Yang2014
    , author = {Yang, Fangjin and Tschetter, Eric and Merlino, Gian and Ray, Nelson}
    , booktitle = sigmod
    , pages = {157--168}
    , title = {Druid: A Real-time Analytical Data Store}
    , year = 2014
}

@inproceedings{Yoo2012
    , author = {Yoo, Sunghwan and Killian, Charles and Kelly, Terence and Cho, Hyoun Kyu and Plite, Steven}
    , booktitle = usenix-atc
    , month = jun
    , pages = {27--40}
    , title = {Composable reliability for asynchronous systems}
    , year = 2012
}

@article{Yu2008
    , author = {Yu, Yuan and Isard, Michael and Fetterly, Dennis and Budiu, Mihai and Erlingsson, {\'{U}}lfar and Kumar, Pradeep and Jon, Gunda and Gunda, Pradeep Kumar and Currey, Jon}
    , journal = osdi
    , pages = {1--14}
    , title = {DryadLINQ : A System for General-Purpose Distributed Data-Parallel Computing Using a High-Level Language}
    , year = 2008
}

@inproceedings{Zachariah2015
    , author = {Zachariah, Thomas and Klugman, Noah and Campbell, Bradford and Adkins, Joshua and Jackson, Neal and Dutta, Prabal}
    , booktitle = hotmobile
    , pages = {27--32}
    , title = {The Internet of Things Has a Gateway Problem}
    , year = 2015
}

@inproceedings{Zaharia2008
    , author = {Zaharia, Matei and Konwinski, Andy and Joseph, Anthony D and Katz, Randy and Stoica, Ion}
    , booktitle = osdi
    , pages = {29--42}
    , title = {Improving MapReduce Performance in Heterogeneous Environments}
    , year = 2008
}

@inproceedings{Zaharia2010
    , author = {Zaharia, Matei and Borthakur, Dhruba and Sarma, Joydeep Sen and Elmeleegy, Khaled and Shenker, Scott and Stoica, Ion}
    , booktitle = eurosys
    , pages = {265--278}
    , title = {Delay scheduling: a simple technique for achieving locality and fairness in cluster scheduling}
    , year = 2010
}

@inproceedings{Zaharia2012
    , author = {Zaharia, Matei and Chowdhury, Mosharaf and Das, Tathagata and Dave, Ankur}
    , booktitle = nsdi
    , pages = {15--28}
    , title = {Resilient distributed datasets: A fault-tolerant abstraction for in-memory cluster computing}
    , year = 2012
}

@article{Zaharia:EECS
    , author = {Zaharia, Matei and Borthakur, D and Sarma, J S and Elmeleegy, K and Shenker, S and Stoica, I}
    , journal = {EECS Department University of California Berkeley Tech Rep}
    , number = {UCB/EECS-2009-55}
    , pages = {2009--55}
    , title = {Job Scheduling for Multi-User MapReduce Clusters}
    , year = 2009
}

@article{Zawirski2012
    , author = {Zawirski, Marek and Bieniusa, Annette and Balegas, Valter and Pregui{\c{c}}a, Nuno and Duarte, S{\'{e}}rgio and Shapiro, Marc and Baquero, Carlos}
    , pages = {1--27}
    , title = {Geo-replication all the way to the edge}
    , year = 2012
}

@techreport{Zawirski2013
    , author = {Zawirski, Marek and Bieniusa, Annette and Balegas, Valter and Duarte, S{\'{e}}rgio and Baquero, Carlos and Shapiro, Marc and Pregui{\c{c}}a, Nuno}
    , institution = {Inria}
    , month = aug
    , number = {RR-8347}
    , title = {SwiftCloud: Fault-Tolerant Geo-Replication Integrated all the Way to the Client Machine}
    , year = 2013
}

@article{Zellag2013
    , author = {Zellag, Kamal and Kemme, Bettina}
    , journal = vldbj
    , month = jun
    , number = {1}
    , pages = {147--172}
    , title = {Consistency anomalies in multi-tier architectures: automatic detection and prevention}
    , volume = {23}
    , year = 2013
}

@inproceedings{Zhang2010
    , author = {Zhang, Chen and {De Sterck}, Hans}
    , booktitle = {2010 11th IEEE/ACM International Conference on Grid Computing}
    , month = oct
    , pages = {177--184}
    , title = {Supporting multi-row distributed transactions with global snapshot isolation using bare-bones HBase}
    , year = 2010
}

@inproceedings{Zhang2011
    , author = {Zhang, Yilei and Zheng, Zibin and Lyu, M.R.}
    , booktitle = cloudcom
    , pages = {444--451}
    , title = {BFTCloud: A Byzantine Fault Tolerance Framework for Voluntary-Resource Cloud Computing}
    , year = 2011
}

@inproceedings{Zhang2013
    , author = {Zhang, Yang and Power, Russell and Zhou, Siyuan and Sovran, Yair and Aguilera, Marcos K. and Li, Jinyang}
    , booktitle = sosp
    , month = nov
    , pages = {276--291}
    , title = {Transaction chains}
    , year = 2013
}

@inproceedings{Zhang2014
    , author = {Zhang, Zhuo and Li, Chao and Tao, Yangyu and Yang, Renyu and Tang, Hong and Xu, Jie}
    , booktitle = pvldb
    , number = {13}
    , pages = {1393--1404}
    , title = {Fuxi : a Fault-Tolerant Resource Management and Job Scheduling System at Internet Scale}
    , volume = {7}
    , year = 2014
}

@inproceedings{Zhang2015
    , author = {Zhang, Ben and Mor, Nitesh and Kolb, John and Chan, Douglas S and Goyal, Nikhil and Lutz, Ken and Allman, Eric and Wawrzynek, John and Lee, Edward and Kubiatowicz, John}
    , booktitle = hotcloud
    , title = {The Cloud is Not Enough : Saving IoT from the Cloud}
    , year = 2015
}

@article{Zhao2013
    , author = {Zhao, Liang and Sakr, Sherif and Liu, Anna}
    , journal = {IEEE Transactions on Services Computing}
    , title = {A Framework for Consumer-Centric SLA Management of Cloud-Hosted Databases}
    , volume = {PP}
    , year = 2013
}

@inproceedings{Zhuo2014
    , author = {Zhuo, Danyang and Zhang, Qiao and Ports, Dan R. K. and Krishnamurthy, Arvind and Anderson, Thomas}
    , booktitle = apsys
    , pages = {1--7}
    , title = {Machine fault tolerance for reliable datacenter systems}
    , year = 2014
}

@article{Zohar2015
    , author = {Zohar, Aviv}
    , journal = cacm
    , month = aug
    , number = {9}
    , pages = {104--113}
    , title = {Bitcoin: Under the Hood}
    , volume = {58}
    , year = 2015
}

