% -*- mode: BibTex; coding: iso-safe -*-
%%% DO NOT EDIT THIS FILE!!!

% These are the jounral names pre-defined by 'bibtex'
% acmcs = "ACM Computing Surveys"
% acta = "Acta Informatica"
% cacm = "Communications of the ACM"
% ibmjrd = "IBM Journal of Research and Development"
% ibmsj = "IBM Systems Journal"
% ieeese = "IEEE Transactions on Software Engineering"
% ieeetc = "IEEE Transactions on Computers"
% ieeetcad = "IEEE Transactions on Computer-Aided Design of Integrated Circuits"
% ipl = "Information Processing Letters"
% jacm = "Journal of the ACM"
% jcss = "Journal of Computer and System Sciences"
% scp = "Science of Computer Programming"
% sicomp = "SIAM Journal on Computing"
% tocs = "ACM Transactions on Computer Systems"
% tods = "ACM Transactions on Database Systems"
% tog = "ACM Transactions on Graphics"
% toms = "ACM Transactions on Mathematical Software"
% toois = "ACM Transactions on Office Information Systems"
% toplas = "ACM Transactions on Programming Languages and Systems"
% tcs = "Theoretical Computer Science"

% add any other names here.  If you use one of them you must
% include this file as the first .bib file

@String{acmcs = {ACM Computing Surveys}}
@String{jacm = {Journal of the ACM}}

@String{inter = {Int.\ }}
@String{intconfon = {Int.\ Conf.\ on }}
@String{euroconfon = {Euro.\ Conf.\ on }}
@String{intsympon = {Int.\ Symp.\ on }}
@String{eurosympon = {Euro.\ Symp.\ on }}
@String{sympon = {Symp.\ on }}
@String{intwkon = {Int.\ W.\ on }}

@String{acm = {Assoc.\ for Computing Machinery}}
@String{acmpress = {{ACM} {P}ress}}
@String{acmqueue = {{ACM} {Q}ueue}}
@String{acmtois = {ACM Trans.\ on Info.\ Sys.}}
@String{apsys = {Asia-Pacific Workshop on Systems (APSys)}}
@string{asplos = intconfon # {Archi\. Support for Prog.\ Lang.\ and Systems (ASPLOS)}}
       @string{asplos-VI = "Sixth" # asplos}

@string{boston = {Boston, MA, USA}}

@String{cacm = {Communications of the {ACM}}}
@string{cambridge-mass = {Cambridge, MA, USA}}
@string{capemay = "Cape May, NJ, USA"}
@string{Carnegie = "Dept.\ Computer Science, Carnegie-Mellon University"}
@string{ccs = intconfon # {"Computer and Communications
	               Security (CCS)"}}
@string{cfse = {Conf.\ Fran{\c c}aise sur les Syst{\`e}mes d'Exploitation (CFSE)}}

@String{cidr = {Biennial Conf.\ on Innovative DataSystems Research (CIDR)}}
@String{cloudcom = intconfon # {Cloud Computing Technology and Science (CloudCom)}}
@string{cmu = "Carnegie-Mellon U."}
@String{collaboratecom = intconfon # {Coll.\ Computing: Networking, Apps.\ and Worksharing (CollaborateCom)}}
@string{compcon = {CompCon Conf.}}
                  
@String{conext = intconfon # {emerging Networking EXperiments and Technologies (CoNEXT)}}
@String{coopis = intconfon # { Coop.\ Info.\ Sys.\ (CoopIS)}}
@string{coots = "Proc.\ {U}SENIX Conf.\ on Object-Oriented Technologies (COOTS)"}
@String{cscw = intconfon # {Computer-Supported Coop.\ Work (CSCW)}}

@String{CoRR = {Computing Research Repository (CoRR)}}

@String{crypto = {Annual Int.\ Cryptology Conf.\ (CRYPTO)}}


@String{disc = intsympon # {Dist.\ Comp.\ (DISC)}}
@string{dmcc5 = "Dist.\ Memory Comp.\ Conf."}

@String{ecoop = {Euro.\ Conf.\ on Object-Oriented Pging.\ (ECOOP)}}
@String{elsevier = {Elsevier B.V.}}
@String{esop = eurosympon # {Programming (ESOP)}}
@String{europar = {Euro.\ Conf.\ on Parallel and Dist.\ Comp.\ (Euro-Par)}}
@String{eurosys = {Euro.\ Conf.\ on Comp.\ Sys.\ (EuroSys)}}

@String{fast = {Conf.\ on File and Storage Techno.\ (FAST)}}
@String{ftcs = {Fault-Tolerant Comp.\ Symp.}}
@String{fmse = {W. on Formal Methods in Security Engineering (FMSE)}}
@string{hicss = "Annual Hawaii Conf.\ on Sys.\ Sciences"}
@string{hotcloud = {W.\ on Hot Topics in Cloud Computing\ (HotCloud)}}

@String{icdcs = intconfon # {Distributed Comp.\ Sys. (ICDCS)}}
@String{icdcn = intconfon # {Distributed Comp.\ and Net. (ICDCN)}}
@String{icpads = intconfon # {Parallel and Dist.\ Sys. (ICPADS)}}
@string{icde = intconfon # {Data Engineering (ICDE)}}
@string{dsn = intconfon # {Dependable Sys. and Networks (DSN)}}
@string{ieeecs = "IEEE Comp.\ Society"}
@String{ieeecomputer = {Computer}}
@string{ieeecsp = "IEEE Comp.\ Society Press"}
@String{ieeetc = {{IEEE} {T}rans.\ on {C}omputers}}
@string{inria = {Institut National de la Recherche en Informatique et Automatique (INRIA)}}
@string{irisa = {Institut de Recherche en Informatique et Syst\`{e}mes Al\'{e}atoires (IRISA)}}
@string{iwdp = intwkon # "Database Programming Languages"}
@String{ismm = intsympon # {Memory management}}
@string{iwmm = "Proc.\ Int.\ W.\ on Memory Management"}
@string{iwoo = intwkon # "Object-Oriented Data Bases"}
@string{iwooos = intwkon # "Object Orientation in Op.\ Sys.\ (I-WOOOS)"}
@string{iwposdiu = intwkon # "Persistent Obj.\ Sys.\ Design, Impl.\ and
                  Use (POS)"}

@string{jpdc = "Journal of Parallel and Dist. Comp."}



@String{ladis = {W. on Large-Scale Dist.\ Sys.\ and Middleware (LADIS)}}
@String{lncs = {Lecture Notes in Comp.\ Sc.}}

@string{monterey = {Monterey CA, USA}}
@String{mobisys = intconfon # {Mobile Sys., Apps.\ and Services (MobiSys)}}
@String{middleware = intconfon # {Middleware (MIDDLEWARE)}}

@String{nsdi = {Networked Sys.\ Design and Implem.\ (NSDI)}}
@string{nwprtbeach = "Newport Beach CA, USA"}

@String{opodis = intconfon # {Principles of Dist.\ Sys.\ (OPODIS)}}
@string{oopsla = "Conf.\ on Object-Oriented Prog.\ Sys.,
		  Lang.\ and Applications (OOPSLA)"}
@string{osdi = sympon # {Op.\ Sys.\ Design and Implementation (OSDI)}}
@string{osr = {Operating Systems Review}}

@string{Pacific-Grove = "Pacific Grove CA {(USA)}"}
@String{parle = {Parallel Arch.\ and Lang.\ Europe (PARLE)}}
@String{pdis = intconfon # {Parallel\ and Dist.\ Info.\ Sys.\ (PDIS)}}
@string{perso = "Personal communication"}
@string{pittsburgh = "Pittsburgh {PA}, USA"}
@String{pldi = {Conf.\ on Prog.\ Lang.\ Design and Implementation (PLDI)}}
@string{poaec = "Annual Esprit Conference"}
@String{podc = sympon # {Principles of Dist.\ Comp.\ (PODC)}}
@String{pods = sympon # {Principles of Database Sys.\ (PODS)}}
@String{popl = sympon # {Principles of Prog.\ Lang.\ (POPL)}}
@String{prdc = {Pacific Rim Int. Symp. on Dependable Comp. (PRDC)}}
@String{ppopp = sympon # {Principles and Practice of Parallel Prog.\ (PPoPP)}}
@String{pppj = intconfon # {Principles and Practice of Programming in Java\ (PPPJ)}}
@String{ipdps = {Int. Parallel and Dist. Processing Symposium\ (IPDPS)}}
@String{spaa = {Symp. on Parallelism in Algorithms and Architectures\ (SPAA)}}
@String{pvldb = {Proc. {VLDB} {E}ndow.}}
@String{vldbj = {The VLDB Journal}}

@string{rocq = {Rocquencourt, France}}
@String{rr = {Rapp.\ Rech.}}

@String{sigmod = intconfon # {the Mgt.\ of Data (SIGMOD)}}
@String{sensys = {Conf.\ on Embedded Networked Sensor Sys. (SenSys)}}
@string{seattle = "Seattle WA, USA"}
@string{sedms = sympon # "Experiences with Dist.\ and Multiprocessor Systems"}
@string{smoka = sympon # "Microkernels and Other Kernel Archi."}
@String{sigops = {ACM SIG on Op.\ Sys.\ (SIGOPS)}}
@String{sigopsew = {SIGOPS European Workshop}}
    @string{sigopsew5 = "5th " # sigopsew # {, on ``Models and Paradigms
		      for Distributed Systems Structuring''}}
@String{socc = {Symp.\ on Cloud Computing (SoCC)}}
@string{sosp = sympon # {Op.\ Sys.\ Principles (SOSP)}}
@string{spe = {Software Practice and Experience}}
@String{springer = {{S}pringer-{V}erlag}}
@String{srds = sympon # {Reliable Dist.\ Sys.\ (SRDS)}}
@String{sss = intsympon # {Stabilization, Safety, and Security of
                  Dist.\ Sys.\ (SSS)}}
@String{sac = {Symp.\ on Applied Computing (SAC)}}
@String{stoc = {Symp.\ on Theory of Computing (STOC)}}
@String{nca = intsympon # {Network Computing and Applications (NCA)}}
@String{ccgrid = intconfon # {Cluster, Cloud and Grid Computing (CCGrid)}}
@String{wttm = {Workshop on the Theory of Transactional Memory (WTTM)}}

@string{tarascon = "Tarascon, France"}
@String{tkde = {IEEE Trans.\ on Knowlege and Data Eng.}}
@string{toappear = "(To appear)"}
@String{tods = {Trans.\ on Database Sys.}}
@String{tocs = {Trans.\ on Computer Sys.}}
@string{tsi = {Technique et Science Informatiques}}
@String{tpds = {IEEE Trans.\ on Parallel and Dist.\ Sys. (TPDS)}}
@String{usenix = {Usenix}}
@string{usenix-atc = {Usenix Annual Tech.\ Conf. (ATC)}}
@string{hotpar = {Usenix W. on Hot Topics in Parallelism (HotPar)}}
@string{uwmkoka = "W.\ on Micro-Kernels and Other Kernel Archi."}

@String{vee = intsympon # {Virtual Exec.\ Environments}}
@String{vldb = intconfon # {Very Large Data Bases (VLDB)}}

@String{infocom = intconfon # {Computer Communications (INFOCOM)}}
