%% added by YoungTae (can be moved)

@INPROCEEDINGS{Goldoni:2009,
author={Goldoni, E. and Rossi, G. and Torelli, A.},
booktitle={Internet Monitoring and Protection, 2009. ICIMP '09. Fourth International Conference on},
title={Assolo, a New Method for Available Bandwidth Estimation},
year={2009},
pages={130-136},
}

@inproceedings{Ribeiro:2005,
 author = {Ribeiro, V. and Riedi, R. and Baraniuk, R. and Navratil, J. and Cottrell, L.},
 title = {PathChirp: Efficient Available Bandwidth Estimation for Network Paths},
 booktitle = {Proceedings of the 4th International Conference on Passive and Active Network Measurement},
 series = {PAM},
 year = {2003},
}


@inproceedings{Shriram:2005,
 author = {Shriram, Alok and Murray, Margaret and Hyun, Young and Brownlee, Nevil and Broido, Andre and Fomenkov, Marina and claffy, kc},
 title = {Comparison of Public End-to-end Bandwidth Estimation Tools on High-speed Links},
 booktitle = {Proceedings of the 6th International Conference on Passive and Active Network Measurement},
 series = {PAM},
 year = {2005},
}


@article{Botta:2012,
	author    = {Alessio Botta and Alberto Dainotti and Antonio Pescap{\`e}},
	title     = {A tool for the generation of realistic network workload for emerging networking scenarios},
	journal   = {Computer Networks},
	volume    = {56},
	number    = {15},
	year      = {2012},
	pages     = {3531-3547},
}



@inproceedings{Hajjat:2015,
author = {{Mohammad, Hajjat and Ruiqi, Liu and Yiyang, Chang and T. S. Eugene Ng, and Sanjay, Rao}},
booktitle={Infocom},
title={Application-specific configuration selection in the cloud: impact of provider policy and potential of systematic testing},
year={2015}
}



@inproceedings{Goldoni:2010,
year={2010},
booktitle={Traffic Monitoring and Analysis},
volume={6003},
series={Lecture Notes in Computer Science},
doi={10.1007/978-3-642-12365-8_13},
title={End-to-End Available Bandwidth Estimation Tools, An Experimental Comparison},
url={http://dx.doi.org/10.1007/978-3-642-12365-8_13},
publisher={Springer Berlin Heidelberg},
author={Goldoni, Emanuele and Schivi, Marco},
pages={171-182},
language={English}
}

@article{Jain:2003,
 author = {Jain, Manish and Dovrolis, Constantinos},
 title = {End-to-end Available Bandwidth: Measurement Methodology, Dynamics, and Relation with TCP Throughput},
 journal = {IEEE/ACM Trans. Netw.},
 issue_date = {August 2003},
 volume = {11},
 number = {4},
 month = aug,
 year = {2003},
 issn = {1063-6692},
 pages = {537--549},
 numpages = {13},
}




@inproceedings{Zaharia:2008,
 author = {Zaharia, Matei and Konwinski, Andy and Joseph, Anthony D. and Katz, Randy and Stoica, Ion},
 title = {Improving MapReduce Performance in Heterogeneous Environments},
 booktitle = {Proceedings of the 8th USENIX Conference on Operating Systems Design and Implementation},
 series = {OSDI},
 year = {2008},
 location = {San Diego, California},
 pages = {29--42},
 numpages = {14},
}

@inproceedings{Zaharia:2010,
 author = {Zaharia, Matei and Borthakur, Dhruba and Sen Sarma, Joydeep and Elmeleegy, Khaled and Shenker, Scott and Stoica, Ion},
 title = {Delay Scheduling: A Simple Technique for Achieving Locality and Fairness in Cluster Scheduling},
 booktitle = {Proceedings of the 5th European Conference on Computer Systems},
 series = {EuroSys},
 year = {2010},
}


@misc{ovs,
	author={},
	Howpublished = {http://www.openvswitch.org},
	Title = {Open {vSwitch}}}
	
@misc{qfp,
	author={},
	Year = {},
	note = {\url{http://www.cisco.com/c/en/us/products/collateral/routers/asr-1000-series-aggregation-services-routers/solution_overview_c22-448936.html}},
	Title = {The Cisco QuantumFlow Processor: Cisco's Next Generation Network Processor}}
	
@misc{pinnacle,
	author={},
	Year = {},
	note = {\url{http://www.cisco.com/c/en/us/products/collateral/routers/12000-series-routers/product_data_sheet0900aecd8042b41a.html}},
	Title = {Cisco 12000 Series ATM Line Cards}}

	

@misc{crs1,
	author={},
	Year = {},
	note = {\url{http://www.cisco.com/networkers/nw04/presos/docs/RST-4314.pdf}},
	Title = {http://www.cisco.com/networkers/nw04/presos/docs/RST-4314.pdf}}


@misc{of_config12,
	author={},
	Title = {OpenFlow Management and Configuration Protocol ({OF-Config} 1.2)},
	Year = {2014}}
	
@misc{Gettys13,
	author={Jim Gettys},
	Year = {2013},
	note = {\url{http://www.internetsociety.org/sites/default/files/pdf/accepted/29_bis_ISOC_Workshop_2.pdf}},
	Title = {Low Latency Requires Smart Queuing:Traditional {AQM} is not enough!},
	}
	
@inproceedings{AK+03,
	author = {William Aiello and
              Rafail Ostrovsky and
              Eyal Kushilevitz and
              Adi Ros\'{e}n},
    title =  {Dynamic routing on networks with fixed-size buffers},
    booktitle = {{SODA}},
    pages =     {771--780},
    year =      {2003},
}

@article{AM+01,
    author =    {Susanne Albers and
    			 Moses Charikar and
    			 Michael Mitzenmacher},
    title=      {On delayed information and action in online algorithms},
    journal =   {Information and Computation},
    volume =    {170},
    number =    {2},
    pages =     {135--152},
    year =      {2001},
}

@inproceedings{AMZ03,
  author    = {Nir Andelman and
               Yishay Mansour and
               An Zhu},
  title     = {Competitive queueing policies for QoS switches},
  booktitle = {{SODA}},
  year      = {2003},
  pages     = {761-770},
}

@inproceedings{AMRR00,
  author    = {William Aiello and
               Yishay Mansour and
               S. Rajagopolan and
               Adi Ros{\'e}n},
  title     = {Competitive Queue Policies for Differentiated Services},
  booktitle = {{INFOCOM}},
  year      = {2000},
  pages     = {431-440},
}

@article{AMRR05,
  author    = {William Aiello and
               Yishay Mansour and
               S. Rajagopolan and
               Adi Ros{\'e}n},
  title     = {Competitive queue policies for differentiated services},
  journal   = {J. Algorithms},
  volume    = {55},
  number    = {2},
  year      = {2005},
  pages     = {113-141},
}

@article{AS+05,
    author =    {Susanne Albers and
                 Markus Schmidt},
    title=      {On the performance of greedy algorithms in packet buffering},
    journal =   {SIAM Journal on Computing},
    volume =    {35},
    number =    {2},
    pages =     {278--304},
    year =      {2005},
}

@article{AJ+10,
    author =    {Susanne Albers and
                 Tobias Jacobs},
    title=      {An experimental study of new and known online packet buffering algorithms},
    journal =   {Algorithmica},
    volume =    {57},
    number =    {4},
    pages =     {725--746},
    year =      {2010},
}

@article{AL+06,
    author =    {Yossi Azar and
                 Arik Litichevskey},
    title=      {Maximizing throughput in multi-queue switches},
    journal =   {Algorithmica},
    volume =    {45},
    number =    {1},
    pages =     {69--90},
    year =      {2006},
}

@article{AR+05,
    author =    {Yossi Azar and Yossi Richter},
    title=      {Management of multi-queue switches in QoS networks},
    journal =   {Algorithmica},
    volume =    {43},
    number =    {1-2},
    pages =     {81--96},
    year =      {2005},
}

@article{AR+06,
    author =    {Yossi Azar and Yossi Richter},
    title=      {An improved algorithm for {CIOQ} switches},
    journal =   {ACM Transactions on algorithms},
    volume =    {2},
    number =    {2},
    pages =     {282--295},
    year =      {2006},
}

@inproceedings{FOG,
 author = {Bonomi, Flavio and Milito, Rodolfo and Zhu, Jiang and Addepalli, Sateesh},
 title = {Fog Computing and Its Role in the Internet of Things},
 booktitle = {MCC},
 year = {2012},
 pages = {13--16},
}

@inproceedings{BC+09,
    author =    {Nikhil Bansal and Ho-Leung Chan and Kirk Pruhs},
    title=      {Speed scaling with an arbitrary power function},
    booktitle = {{SODA}},
    pages =     {693--701},
    year =      {2009},
}

@inproceedings{BF+07,
    author =    {Michela Becchi and Mark~A. Franklin and Patrick Crowley},
    title=      {Performance/area efficiency in chip multiprocessors with micro-caches},
    booktitle = {CF},
    pages =     {247--258},
    year =      {2007},
}

@book{Borodin-ElYaniv,
    author =    {Allan Borodin and Ran El-Yaniv},
    title =     {Online Computation and Competitive Analysis},
    publisher = {Cambridge University Press},
    year =      {1998},
}

@article{BL+06,
    author =    {Luca Becchetti and Stefano Leonardi and Alberto Marchetti-Spaccamela and Kirk Pruhs},
    title=      {On-line weighted flow time and deadline scheduling},
    journal =   {J. of Discrete Algorithms},
    volume =    {4},
    number =    {3},
    pages =     {339--352},
    year =      {2006},
}

@inproceedings{CB+09,
    author =    {Carri~W. Chan and Nicholas Bambos},
    title=      {Throughput loss in task scheduling due to server state uncertainty},
    booktitle = {VALUETOOLS},
    year =      {2009},
}

@article{G+10,
    author =    {Michael Goldwasser},
    title=      {A survey of buffer management policies for packet switches},
    journal =   { SIGACT News},
    volume =    {41},
    number =    {1},
    pages =     {100--128},
    year =      {2010},
}

@article{AielloKM08,
  author    = {William Aiello and Alexander Kesselman and Yishay Mansour},
  title     = {Competitive buffer management for shared-memory switches},
  journal   = {ACM Trans. on Algorithms},
  volume    = {5},
  number    = {1},
  year      = {2008},
}

@article{HW+08,
    author =    {Xin Huang and Tilman Wolf},
    title=      {Evaluating dynamic task mapping in network processor runtime systems},
    journal =   {IEEE Trans. on Parallel and Distrib. Systems},
    volume =    {19},
    number =    {8},
    pages =     {1086--1098},
    year =      {2008},
}

@INPROCEEDINGS{meitinger08hardware,
    author =    {Michael Meitinger and Rainer Ohlendorf and Thomas Wild and Andreas Herkersdorf},
    title=      {A Hardware Packet Re-Sequencer Unit for Network Processors},
    booktitle = {ARCS},
    pages =     {85--97},
    year =      {2008},
}

@INPROCEEDINGS{govind07packet,
    author =    {S. Govind, R. Govindarajan, Joy Kuri},
    title=      {Packet Reordering in Network Processors},
    booktitle = {IPDPS},
    year =      {2007},
}

@misc{SKC+12,
    author =    {Alexander Shpiner and Isaac Keslassy and Rami Cohen},
    title=      {Reducing the Reordering Delay in Multi-Core Network Processors},
    year =      {2012},
    note =      {\url{http://webee.technion.ac.il/~isaac/p/tr12-01_reducing.pdf}}
}

@INPROCEEDINGS{zhuravlev10addressing,
    author =    {S. Zhuravlev and S. Blagodurov and A. Fedorova},
    title=      {Addressing shared resource contention in multicore processors via scheduling},
    booktitle = {ASPLOS},
    pages =     {129--142},
    year =      {2010},
}

@ARTICLE{knauerhase08using,
    author =    {R. Knauerhase and P. Brett and B. Hohlt and T. Li and S. Hahn},
    title=      {Using {OS} observations to improve performance in multicore systems},
    journal =   {IEEE Micro},
    volume =    {28},
    number =    {3},
    pages =     {54--66},
    year =      {2008},
}

@INPROCEEDINGS{banikazemi08pam,
    author =    {M. Banikazemi and D. Poff and B. Abali},
    title=      {Pam: a novel performance/power aware meta-scheduler for multi-core systems},
    booktitle = {SC},
    pages =     {1--12},
    year =      {2008},
}

@ARTICLE{PF+95,
  author    = {V. Paxson and S. Floyd},
  title     = {Wide area traffic: the failure of Poisson modeling},
  journal   = {IEEE/ACM Trans. Netw.},
  volume    = {3},
  number    = {3},
  year      = {1995},
  pages     = {226-244},
}

@inproceedings{VB+00,
  author    = {Andras Veres and
               Mikl{\'o}s Boda},
  title     = {The Chaotic Nature of TCP Congestion Control},
  booktitle = {INFOCOM},
  year      = {2000},
  pages     = {1715--1723},
}

@INPROCEEDINGS{tian09study,
    author =    {K. Tian and Y. Jiang and X. Shen},
    title=      {A study on optimally co-scheduling jobs of different lengths on chip multiprocessors},
    booktitle = {CF},
    pages =     {41--50},
    year =      {2009},
}

@inproceedings{EW06,
  author    = {Matthias Englert and
               Matthias Westermann},
  title     = {Lower and Upper Bounds on {FIFO} Buffer Management in {Q}o{S} witches},
  booktitle = {ESA},
  year      = {2006},
  pages     = {352--363},
}

@article{EW09,
  author    = {Matthias Englert and
               Matthias Westermann},
  title     = {Lower and Upper Bounds on {FIFO} Buffer Management in {Q}o{S} Switches},
  journal   = {Algorithmica},
  volume    = {53},
  number    = {4},
  year      = {2009},
  pages     = {523--548},
}

@article{KKM+08,
  author    = {Alexander Kesselman and Kirill Kogan and Michael Segal},
  title     = {Improved Competitive Performance Bounds for CIOQ Switches},
  journal   = {Algorithmica},
  volume    = {63},
  number    = {1-2},
  year      = {2012},
  pages     = {411--424},
}


@article{KKM+10,
    author =    {Alexander Kesselman and Kirill Kogan and Michael Segal},
    title=      {Packet mode and {Q}o{S} algorithms for buffered crossbar switches with {FIFO} queuing},
    journal =   {Distributed Computing},
    volume =    {23},
    number =    {3},
    pages =     {163--175},
    year =      {2010},
}

@inproceedings{KL+03,
    author =    {Alexander Kesselman and Zvi Lotker and Yishai Mansour and Boaz Patt-Shamir},
    title=      {Buffer overflows of merging streams},
    booktitle = {ESA},
    pages =     {349--360},
    year =      {2003},
}

@article{KesselmanM04,
  author    = {Alexander Kesselman and Yishay Mansour},
  title     = {Harmonic buffer management policy for shared memory switches},
  journal   = {Theor. Comput. Sci.},
  volume    = {324},
  number    = {2-3},
  year      = {2004},
  pages     = {161--182},
}

@inproceedings{KLMPSS01,
  author    = {Alexander Kesselman and
               Zvi Lotker and
               Yishay Mansour and
               Boaz Patt-Shamir and
               Baruch Schieber and
               Maxim Sviridenko},
  title     = {Buffer overflow management in {Q}o{S} switches},
  booktitle = {STOC},
  year      = {2001},
  pages     = {520--529},
}

@article{KLM04,
  author    = {Alexander Kesselman and
               Zvi Lotker and
               Yishay Mansour and
               Boaz Patt-Shamir and
               Baruch Schieber and
               Maxim Sviridenko},
  title     = {Buffer Overflow Management in {Q}o{S} Switches},
  journal   = {SIAM J. Comput.},
  volume    = {33},
  number    = {3},
  year      = {2004},
  pages     = {563--583},
}

@article{KM03,
  author    = {Alexander Kesselman and
               Yishay Mansour},
  title     = {Loss-bounded analysis for differentiated services},
  journal   = {J. Algorithms},
  volume    = {46},
  number    = {1},
  year      = {2003},
  pages     = {79--95},
}

@article{KeslassyKSS12,
  author =    {Isaac Keslassy and Kirill Kogan and Gabriel Scalosub and Michael Segal},
  title  =    {Providing Performance Guarantees in Multipass Network Processors},
  journal   = {IEEE/ACM Trans. Netw.},
  volume    = {20},
  number    = {6},
  year      = {2012},
  pages     = {1895--1909},
}

@inproceedings{KoganLNS13,
  author    = {Kirill Kogan and Alejandro L{\'o}pez-Ortiz and Sergey I. Nikolenko and Alexander Sirotkin},
  title     = {Multi-queued network processors for packets with heterogeneous processing requirements},
  booktitle = {COMSNETS},
  year      = {2013},
  pages     = {1--10},
}

@inproceedings{KLSS+12,
    author =    {Kirill Kogan and Sergey Nikolenko and Alejandro L\'opez-Ortiz and Gabriel Scalosub and Michael Segal},
    title  =    {Balancing work and size with bounded buffers},
    booktitle = {COMSNETS},
    year =      {2014},
    pages     = {1--8},
}

@inproceedings{KLNS+12,
  author    = {Kirill Kogan and
               Alejandro L{\'o}pez-Ortiz and
               Sergey I. Nikolenko and
               Alexander Sirotkin and
               Denis Tugaryov},
  title     = {FIFO Queueing Policies for Packets with Heterogeneous Processing},
  booktitle = {MedAlg},
  year      = {2012},
  pages     = {248--260},
}


@inproceedings{KMS03,
  author    = {Alexander Kesselman and
               Yishay Mansour and
               Rob van Stee},
  title     = {Improved Competitive Guarantees for {Q}o{S} Buffering},
  booktitle = {ESA},
  year      = {2003},
  pages     = {361--372},
}

@article{KMS05,
  author    = {Alexander Kesselman and
               Yishay Mansour and
               Rob van Stee},
  title     = {Improved Competitive Guarantees for {Q}o{S} Buffering},
  journal   = {Algorithmica},
  volume    = {43},
  number    = {1-2},
  year      = {2005},
  pages     = {63--80},
}

@inproceedings {ONS14,
  author = {Kirill Kogan and Advait Dixit and Patrick Eugster},
  title = {Serial Composition of Heterogeneous Control Planes},
  booktitle = {ONS 2014},
  year = {2014},
  pages     = {1--2},
  url = {https://www.usenix.org/conference/ons2014/technical-sessions/presentation/kogan},
  publisher = {USENIX},
}

@INbook{L+06,
  AUTHOR =       {Stefano Leonardi},
  editor =       {Evripidis Bampis and Klaus Jansen and Claire Kenyon},
  TITLE =        {Efficient Approximation and On-line Algorithms},
  CHAPTER =      {A simpler proof of preemptive total flow time approximation on parallel machines},
  pages =        {203--212},
  PUBLISHER =    {Springer},
  YEAR =         {2006},
}

@inproceedings{LP02,
  author    = {Zvi Lotker and
               Boaz Patt-Shamir},
  title     = {Nearly optimal {FIFO} buffer management for {D}iff{S}erv},
  booktitle = {PODC},
  year      = {2002},
  pages     = {134--142},
}

@article{LP03,
  author    = {Zvi Lotker and
               Boaz Patt-Shamir},
  title     = {Nearly optimal {FIFO} buffer management for two packet classes},
  journal   = {Computer Networks},
  volume    = {42},
  number    = {4},
  year      = {2003},
  pages     = {481--492},
}

@inproceedings{LR+97,
    author =    {Stefano Leonardi and Danny Raz},
    title=      {Approximating total flow time on parallel machines},
    booktitle = {STOC},
    pages =     {110--119},
    year =      {1997},
}

@inproceedings{LW+06,
    author =    {Jie Lu and Jie Wang},
    title=      {Analytical performance analysis of network-processor-based application designs},
    booktitle = {Proceedings of the 15th International Conference on Computer Communications and Networks (ICCCN)},
    pages =     {33--39},
    year =      {2006},
}

@inproceedings{MPL00,
  author    = {Yishay Mansour and
               Boaz Patt-Shamir and
               Ofer Lapid},
  title     = {Optimal smoothing schedules for real-time streams (extended
               abstract)},
  booktitle = {PODC},
  year      = {2000},
  pages     = {21--29},
}

@article{MPL04,
  author    = {Yishay Mansour and
               Boaz Patt-Shamir and
               Ofer Lapid},
  title     = {Optimal smoothing schedules for real-time streams},
  journal   = {Distributed Computing},
  volume    = {17},
  number    = {1},
  year      = {2004},
  pages     = {77--89},
}

@article{MPL04,
  author    = {Yishay Mansour and
               Boaz Patt-Shamir and
               Ofer Lapid},
  title     = {Optimal smoothing schedules for real-time streams},
  journal   = {Distributed Computing},
  volume    = {17},
  number    = {1},
  year      = {2004},
  pages     = {77--89},
}

@article{MPT+94,
    author =    {Rajeev Motwani and Steven Phillips and Eric Torng},
    title=      {Non-Clairvoyant scheduling},
    journal =   {Theoretical Computer Science},
    volume =    {130},
    number =    {1},
    pages =     {17--47},
    year =      {1994},
}

@misc{Vin,
    author =    {Jayaram Mudigonda and Harrick~M. Vin and Raj Yavatkar},
    title=      {A case for data caching in network processors},
    note =      {Unpublished manuscript},
}

@article{MRSG+05,
    author =    {S. Muthukrishnan and Rajmohan Rajaraman and Anthony Shaheen and Johannes~E. Gehrke},
    title=      {Online Scheduling to Minimize Average Stretch},
    journal =   {SIAM Journal on Computing},
    volume =    {34},
    number =    {2},
    pages =     {433--452},
    year =      {2005},
}

@article{K+07,
    author =    {Kirk Pruhs},
    title=      {Competitive online scheduling for server systems},
    journal =   {{SIGMETRICS} Performance Evaluation Review},
    volume =    {34},
    number =    {4},
    pages =     {52--58},
    year =      {2007},
}

@inproceedings{SV+03,
    author =    {Timothy Sherwood and George Varghese and Brad Calder},
    title=      {A pipelined memory architecture for high throughput network processors},
    booktitle = {Proceedings of the 30th International Symposium on Computer Architecture (ISCA)},
    pages =     {288--299},
    year =      {2003},
}

@inproceedings{WD+08,
    author =    {Charlie Wiseman and John DeHart and Mart Haitjema and Shakir James and Fred Kuhns and Jing Lu and Jyoti Parwatikar and Ritun Patney and Michael Wilson and Ken Wong and David Zar},
    title=      {Remotely Accessible Network Processor-Based Router for Network Experimentation},
    booktitle = {ANCS},
    pages =     {20--29},
    year =      {2008},
}

@article{WW+09,
    author =    {Ning Weng and Tilman Wolf},
    title=      {Analytic modeling of network processors for parallel workload mapping},
    journal =   {ACM Transactions in Embedded Computing Systems},
    volume =    {8},
    number =    {3},
    pages =     {1--29},
    year =      {2009},
}

@article{WP+03,
    author =    {Tilman Wolf and Prashanth Pappu and Mark~A. Franklin},
    title=      {Predictive scheduling of network processors},
    journal =   {Computer Networks},
    volume =    {41},
    number =    {5},
    pages =     {601--621},
    year =      {2003},
}

@article{ST+85,
    author =    {Daniel~Dominic Sleator and Robert~Endre Tarjan},
    title=      {Amortized efficiency of list update and paging rules},
    journal =   {Communications of the ACM},
    volume =    {28},
    number =    {2},
    pages =     {202--208},
    year =      {1985},
}

@inproceedings{KW+10,
    author =    {Kimon Karras and Thomas Wild and Andreas Herkersdorf},
    title=      {A folded pipeline network processor architecture for 100 {G}bit/s networks},
    booktitle = {ANCS},
    year =      {2010},
}

@inproceedings{BRUL+05,
    author =    {Saisanthosh Balakrishnan and Ravi Rajwar and Michael Upton and Konrad~K. Lai},
    title=      {The Impact of Performance Asymmetry in Emerging Multicore Architectures},
    booktitle = {ISCA},
    pages =     {506--517},
    year =      {2005},
}

@inproceedings{FSS+07,
    author =    {Alexandra Fedorova and Margo Seltzer and Michael D. Smith},
    title=      {Improving Performance Isolation on Chip Multiprocessors via an Operating System Scheduler},
    booktitle = {Proceedings of the Sixteenth International Conference on Parallel Architectures and Compilation Techniques (PACT)},
    pages =     {25--38},
    year =      {2007},
}

@inproceedings{ORI13,
  author    = {Ori Rottenstreich and
               Isaac Keslassy and
               Yoram Revah and
               Aviran Kadosh},
  title     = {Minimizing Delay in Shared Pipelines},
  booktitle = {Hot Interconnects},
  year      = {2013},
  pages     = {9--16},
}

@misc{cavium,
    author =    {Cavium},
    title=      {{OCTEON} {II} {CN68XX} Multi-Core {MIPS}64 Processors, Product Brief},
    year =      {2010},
    note =      {\url{http://www.caviumnetworks.com/OCTEON-II_CN68XX.html}}
}



@misc{ns2,
    title=      {This is the {ns}-2 wiki},
    note =      {\url{http://nsnam.isi.edu/nsnam/index.php/Main_Page}}
}

@misc{omnnet,
    title=      {{OMNeT}++},
    note =      {\url{http://www.omnetpp.org/}}
}

@misc{amcc,
    author =    {AMCC},
    title=      {n{P}7310 10 {G}bps Network Processor, Product Brief},
    year =      {2010},
    note =      {[Online]~\url{http://www.appliedmicro.com/MyAMCC/jsp/public/productDetail/product_detail.jsp?productID=nP7310}}
}

@misc{xelerated,
    author =    {Xelerated},
    title=      {{X}11 Family of Network Processors, Product Brief},
    year =      {2010},
    note =      {[Online]~\url{http://www.xelerated.com/Uploads/Files/67.pdf}}
}

@misc{ezchip,
    author =    {EZChip},
    title=      {{NP}-4 Network Processor, Product Brief},
    year =      {2010},
    note =      {[Online]~\url{http://www.ezchip.com/p_np4.htm}}
}

@misc{netronome,
    author =    {Netronome},
    title=      {{NFP}-32xx Network Flow Processor, Product Brief},
    year =      {2010},
    note =      {[Online]~\url{http://www.netronome.com/pages/network-flow-processors}}
}

@misc{cisco,
    author =    {Cisco},
    title=      {The {C}isco {Q}uantum{F}low Processor, Product Brief},
    year =      {2010},
    note =      {[Online]~\url{http://www.cisco.com/en/US/prod/collateral/routers/ps9343/solution_overview_c22-448936.html}}
}

@misc{juniper,
    author =    {Juniper},
    title=      {{J}unos {T}rio, White Paper},
    year =      {2009},
    note =      {[Online]~\url{http://www.juniper.net/us/en/local/pdf/whitepapers/2000331-en.pdf}}
}

@misc{OF,
    author =    {Nick McKeown and Guru Parulkar and Scott Shenker and Tom Anderson and Larry Peterson and Jonathan Turner and Hari Balakrishnan and Jennifer Rexford},
    title=      {{O}pen{F}low Switch Specification},
    year =      {2011},
    note =      {\url{http://www.openflow.org/documents/openflow-spec-v1.1.0.pdf}}
}

@article{brucker06jobshop,
    author =    {Peter Brucker and Silvia Heitmann and Johann Hurink and Tim Nieberg},
    title=      {Job-shop scheduling with limited capacity buffers},
    journal =   {OR Spectrum},
    volume =    {28},
    number =    {2},
    pages =     {151--176},
    year =      {2006},
}

@article{ruiz10hybrid,
    author =    {Rub\'{e}n Ruiz and Jos\'{e} Antonio V\'{a}zquez-Rodr\'{i}gue},
    title=      {The hybrid flow shop scheduling problem},
    journal =   {European Journal of Operational Research},
    volume =    {205},
    number =    {1},
    pages =     {1--18},
    year =      {2010},
}

@book{pinedo08scheduling,
    author =    {Michael~L. Pinedo},
    title =     {Scheduling: Theory, Algorithms, and Systems},
    publisher = {Springer},
    edition =   {Third},
    year =      {2008},
}

@article{MPL,
  author = 	 {Yishay Mansour and Boaz {Patt-Shamir} and Ofer Lapid},
  title = 	 {Optimal smoothing schedules for real-time streams},
  journal = 	 {Distributed Computing},
  year = 	 2004,
  volume =	 17,
  number =	 1,
  pages =	 {77--89}
}

@article{KLMPSS-04,
  author =   {Alexander Kesselman and Zvi Lotker and Yishay Mansour and Boaz Patt-Shamir and Baruch Schieber and Maxim Sviridenko},
  title =    {Buffer Overflow Management in {QoS} Switches},
  journal =      {SIAM Journal on Computing},
  year =     2004,
  volume =   33,
  number =   3,
  pages =    {563--583}
}

@article{AielloMRR05,
  author    = {William Aiello and
               Yishay Mansour and
               S. Rajagopolan and
               Adi Ros{\'e}n},
  title     = {Competitive queue policies for differentiated services},
  journal   = {J. Algorithms},
  volume    = {55},
  number    = {2},
  year      = {2005},
  pages     = {113--141},
}

@article{englert09lower,
  author    = {Matthias Englert and
               Matthias Westermann},
  title     = {Lower and Upper Bounds on {FIFO} Buffer Management in {QoS} Switches},
  journal   = {Algorithmica},
  year      = 2009,
  volume    = 53,
  number    = 4,
  pages     = {523--548}
}

@inproceedings{kesselman09competitive,
  author    = {Alex Kesselman and
               Boaz Patt-Shamir and
               Gabriel Scalosub},
  title     = {Competitive Buffer Management with Packet Dependencies},
  booktitle = {Proceedings of the 23rd IEEE International Parallel and Distributed Processing Symposium (IPDPS)},
  year      = {2009},
}

@inproceedings{mansour11overflow,
  title     = {Overflow Management with Multipart Packets},
  author    = {Yishay Mansour and Boaz Patt-Shamir and Dror Rawitz},
  booktitle = {INFOCOM},
  year      = {2011},
  pages     = {2606--2614},
}

@article{scharge68proof,
  author    = {Linus Schrage},
  title     = {A proof of the optimality of the shortest remaining processing time discipline},
  journal   = {Operations Research},
  year      = 1968,
  volume    = 16,
  pages     = {687--690}
}


@article{Zhu04,
  author    = {An Zhu},
  title     = {Analysis of queueing policies in {Q}o{S} switches},
  journal   = {J. Algorithms},
  volume    = {53},
  number    = {2},
  year      = {2004},
  pages     = {137-168},
}

@MISC{CAIDA,
    author =    {CAIDA -- The Cooperative Association for Internet Data Analysis},
    note =      {[Online]~\url{http://www.caida.org/}}
}

@incollection{NikolenkoK15,
  author    = {Sergey I. Nikolenko and
               Kirill Kogan},
  title     = {Single and Multiple Buffer Processing},
  booktitle = {Encyclopedia of Algorithms},
  publisher = {Springer},
  year      = {2015},
}

@inproceedings{ChuprikovNK15,
  author    = {Pavel Chuprikov and
               Sergey I. Nikolenko and
               Kirill Kogan},
  title     = {Priority Queueing with Multiple Packet Characteristics},
  booktitle = {INFOCOM},
  year      = {2015},
  pages     = {1--9},
}

@inproceedings{KoganLNS12,
  author    = {Kirill Kogan and
               Alejandro L{\'{o}}pez{-}Ortiz and
               Sergey I. Nikolenko and
               Alexander Sirotkin},
  title     = {A taxonomy of Semi-FIFO policies},
  booktitle = {IPCCC},
  pages     = {295--304},
  year      = {2012},
}

@inproceedings{AlizadehEDVCFLMPYV14,
  author    = {Mohammad Alizadeh and
               Tom Edsall and
               Sarang Dharmapurikar and
               Ramanan Vaidyanathan and
               Kevin Chu and
               Andy Fingerhut and
               Vinh The Lam and
               Francis Matus and
               Rong Pan and
               Navindra Yadav and
               George Varghese},
  title     = {{CONGA:} distributed congestion-aware load balancing for datacenters},
  booktitle = {{SIGCOMM}},
  pages     = {503--514},
  year      = {2014},
}

@inproceedings{ChowdhuryZS14,
  author    = {Mosharaf Chowdhury and
               Yuan Zhong and
               Ion Stoica},
  title     = {Efficient coflow scheduling with Varys},
  booktitle = {{SIGCOMM}},
  pages     = {443--454},
  year      = {2014},
}

@misc{Broadcom,
    author =    {Sujal Das and
                 Rochan Sankar},
    title=      {Broadcom Smart-Buffer Technology in Data Center Switches for Cost-Effective Performance Scaling of Cloud Applications},
    year =      {2012},
    note =      {\url{https://www.broadcom.com/collateral/etp/SBT-ETP100.pdf}},
}

@misc{nofair,
author = "{BBC News}",
title = "{US Watchdog to Propose New Net Neutrality Rules}",
note = {\url{http://www.bbc.com/news/technology-27141121}},
year = 2014
}

@inproceedings{JainKMOPSVWZZZHSV13,
  author    = {Sushant Jain and
               Alok Kumar and
               Subhasree Mandal and
               Joon Ong and
               Leon Poutievski and
               Arjun Singh and
               Subbaiah Venkata and
               Jim Wanderer and
               Junlan Zhou and
               Min Zhu and
               Jon Zolla and
               Urs H{\"{o}}lzle and
               Stephen Stuart and
               Amin Vahdat},
  title     = {{B4:} experience with a globally-deployed software defined wan},
  booktitle = {{SIGCOMM}},
  pages     = {3--14},
  year      = {2013},
}

@inproceedings{HongKMZGNW13,
  author    = {Chi{-}Yao Hong and
               Srikanth Kandula and
               Ratul Mahajan and
               Ming Zhang and
               Vijay Gill and
               Mohan Nanduri and
               Roger Wattenhofer},
  title     = {Achieving high utilization with software-driven {WAN}},
  booktitle = {{SIGCOMM}},
  pages     = {15--26},
  year      = {2013},
}

@inproceedings{ZYD01,
author={Xiaoyun Zhu and Jie Yu and Doyle, John},
booktitle={INFOCOM 2001. Twentieth Annual Joint Conference of the IEEE Computer and Communications Societies. Proceedings. IEEE},
title={Heavy tails, generalized coding, and optimal Web layout},
year={2001},
month={},
volume={3},
pages={1617-1626 vol.3},
doi={10.1109/INFCOM.2001.916658},
ISSN={0743-166X},}

@article{FM93,
  author =   {Fischer, Wolfgang and Meier-Hellstern, Kathleen},
  title =    {The Markov-modulated Poisson process (MMPP) cookbook},
  journal =  {Performance evaluation},
  year =     1993,
  volume =   18,
  number =   2,
  pages =    {149--171}
}

@ARTICLE{Norros95,
author={Norros, I.},
journal={Selected Areas in Communications, IEEE Journal on},
title={On the use of fractional Brownian motion in the theory of connectionless networks},
year={1995},
month={Aug},
volume={13},
number={6},
pages={953--962},
doi={10.1109/49.400651},
ISSN={0733-8716},}

@ARTICLE{HL86,
author={Heffes, H. and Lucantoni, D.},
journal={Selected Areas in Communications, IEEE Journal on},
title={A Markov Modulated Characterization of Packetized Voice and Data Traffic and Related Statistical Multiplexer Performance},
year={1986},
month={Sep},
volume={4},
number={6},
pages={856-868},
keywords={Integrated voice/data communication;Multiplexing;Packet switching;Aggregates;Control systems;Delay effects;Multiplexing;Performance analysis;Performance gain;Probability distribution;Senior members;System performance;Traffic control},
doi={10.1109/JSAC.1986.1146393},
ISSN={0733-8716},}

@article{PF95,
 author = {Paxson, Vern and Floyd, Sally},
 title = {Wide Area Traffic: The Failure of Poisson Modeling},
 journal = {IEEE/ACM Trans. Netw.},
 issue_date = {June 1995},
 volume = {3},
 number = {3},
 month = jun,
 year = {1995},
 issn = {1063-6692},
 pages = {226--244},
 numpages = {19},
 url = {http://dx.doi.org/10.1109/90.392383},
 doi = {10.1109/90.392383},
 acmid = {208390},
 publisher = {IEEE Press},
 address = {Piscataway, NJ, USA},
}

@INPROCEEDINGS{ZNA03,
author={Zukerman, M. and Neame, T.D. and Addie, R.G.},
booktitle={INFOCOM 2003. Twenty-Second Annual Joint Conference of the IEEE Computer and Communications. IEEE Societies},
title={Internet traffic modeling and future technology implications},
year={2003},
month={March},
volume={1},
pages={587-596 vol.1},
doi={10.1109/INFCOM.2003.1208709},
ISSN={0743-166X},}

@article{ANZ02,
title = "Performance evaluation of a queue fed by a Poisson Pareto burst process ",
journal = "Computer Networks",
volume = "40",
number = "3",
pages = "377 - 397",
year = "2002",
note = "",
issn = "1389-1286",
}

@article{RamaswamyWW09,
  author    = {Ramaswamy Ramaswamy and
               Ning Weng and
               Tilman Wolf},
  title     = {Analysis of network processing workloads},
  journal   = {J. of Syst. Arch. - Embedded Syst. Design},
  volume    = {55},
  number    = {10-12},
  pages     = {421--433},
  year      = {2009},
}

@inproceedings{BauerBB11,
  author    = {Steven Bauer and
               Robert Beverly and
               Arthur Berger},
  title     = {Measuring the state of {ECN} readiness in servers, clients, and routers},
  booktitle = {{IMC}},
  pages     = {171--180},
  year      = {2011},
}

@article{Birman87,
 author = {Birman, K. and Joseph, T.},
 title = {Exploiting Virtual Synchrony in Distributed Systems},
 journal = {SIGOPS Oper. Syst. Rev.},
 issue_date = {Nov. 1987},
 volume = {21},
 number = {5},
 year = {1987},
 issn = {0163-5980},
 pages = {123--138},
 numpages = {16},
}

@inproceedings{MortonLS07,
  author    = {Andrew Morton and
               Jeffrey Liu and
               Insop Song},
  title     = {Efficient Priority-Queue Data Structure for Hardware Implementation},
  booktitle = {{FPL}},
  pages     = {476--479},
  year      = {2007},
}

@article{IoannouK07,
  author    = {Aggelos Ioannou and
               Manolis Katevenis},
  title     = {Pipelined heap (priority queue) management for advanced scheduling
               in high-speed networks},
  journal   = {{IEEE/ACM} Trans. Netw.},
  volume    = {15},
  number    = {2},
  pages     = {450--461},
  year      = {2007},
}

@inproceedings{BallaniCKR11,
  author    = {Hitesh Ballani and
               Paolo Costa and
               Thomas Karagiannis and
               Antony I. T. Rowstron},
  title     = {Towards predictable datacenter networks},
  booktitle = {{SIGCOMM}},
  pages     = {242--253},
  year      = {2011},
}

@inproceedings{PopaKCKRS12,
  author    = {Lucian Popa and
               Gautam Kumar and
               Mosharaf Chowdhury and
               Arvind Krishnamurthy and
               Sylvia Ratnasamy and
               Ion Stoica},
  title     = {FairCloud: sharing the network in cloud computing},
  booktitle = {{SIGCOMM}},
  pages     = {187--198},
  year      = {2012},
}

@inproceedings{ShiehKGK10,
  author    = {Alan Shieh and
               Srikanth Kandula and
               Albert G. Greenberg and
               Changhoon Kim},
  title     = {Seawall: Performance Isolation for Cloud Datacenter Networks},
  booktitle = {HotCloud},
  year      = {2010},
}

@inproceedings{CasadoFPLMS07,
  author    = {Martin Casado and
               Michael J. Freedman and
               Justin Pettit and
               Jianying Luo and
               Nick McKeown and
               Scott Shenker},
  title     = {Ethane: taking control of the enterprise},
  booktitle = {{SIGCOMM}},
  pages     = {1--12},
  year      = {2007},
}

@inproceedings{FosterHFMRSW11,
  author    = {Nate Foster and
               Rob Harrison and
               Michael J. Freedman and
               Christopher Monsanto and
               Jennifer Rexford and
               Alec Story and
               David Walker},
  title     = {Frenetic: a network programming language},
  booktitle = {{ICFP}},
  pages     = {279--291},
  year      = {2011},
}

@article{McKeownABPPRST08,
  author    = {Nick McKeown and
               Tom Anderson and
               Hari Balakrishnan and
               Guru M. Parulkar and
               Larry L. Peterson and
               Jennifer Rexford and
               Scott Shenker and
               Jonathan S. Turner},
  title     = {OpenFlow: enabling innovation in campus networks},
  journal   = {CCR},
  volume    = {38},
  number    = {2},
  pages     = {69--74},
  year      = {2008},
}

@inproceedings{DobrescuEACFIKMR09,
  author    = {Mihai Dobrescu and
               Norbert Egi and
               Katerina J. Argyraki and
               Byung{-}Gon Chun and
               Kevin R. Fall and
               Gianluca Iannaccone and
               Allan Knies and
               Maziar Manesh and
               Sylvia Ratnasamy},
  title     = {RouteBricks: exploiting parallelism to scale software routers},
  booktitle = {{SOSP}},
  pages     = {15--28},
  year      = {2009},
}

@article{KohlerMCJK00,
  author    = {Eddie Kohler and
               Robert Morris and
               Benjie Chen and
               John Jannotti and
               M. Frans Kaashoek},
  title     = {The click modular router},
  journal   = {{ACM} Trans. Comput. Syst.},
  volume    = {18},
  number    = {3},
  pages     = {263--297},
  year      = {2000},
}

@inproceedings{SekarERRS12,
  author    = {Vyas Sekar and
               Norbert Egi and
               Sylvia Ratnasamy and
               Michael K. Reiter and
               Guangyu Shi},
  title     = {Design and Implementation of a Consolidated Middlebox Architecture},
  booktitle = {{NSDI}},
  pages     = {323--336},
  year      = {2012},
}

@inproceedings{SherryHSKRS12,
  author    = {Justine Sherry and
               Shaddi Hasan and
               Colin Scott and
               Arvind Krishnamurthy and
               Sylvia Ratnasamy and
               Vyas Sekar},
  title     = {Making middleboxes someone else's problem: network processing as a
               cloud service},
  booktitle = {{SIGCOMM}},
  pages     = {13--24},
  year      = {2012},
}


@inproceedings{MonsantoRFRW13,
  author    = {Christopher Monsanto and
               Joshua Reich and
               Nate Foster and
               Jennifer Rexford and
               David Walker},
  title     = {Composing Software Defined Networks},
  booktitle = {{NSDI}},
  pages     = {1--13},
  year      = {2013},
}

@inproceedings{VoellmyWYFH13,
  author    = {Andreas Voellmy and
               Junchang Wang and
               Yang Richard Yang and
               Bryan Ford and
               Paul Hudak},
  title     = {Maple: simplifying {SDN} programming using algorithmic policies},
  booktitle = {SIGCOMM},
  pages     = {87--98},
  year      = {2013},
}

@inproceedings{AndersonFGJKSW14,
  author    = {Carolyn Jane Anderson and
               Nate Foster and
               Arjun Guha and
               Jean{-}Baptiste Jeannin and
               Dexter Kozen and
               Cole Schlesinger and
               David Walker},
  title     = {NetkAT: semantic foundations for networks},
  booktitle = {POPL},
  pages     = {113--126},
  year      = {2014},
}

@inproceedings{SouleBMPKSF14,
  author    = {Robert Soul{\'{e}} and
               Shrutarshi Basu and
               Parisa Jalili Marandi and
               Fernando Pedone and
               Robert D. Kleinberg and
               Emin G{\"{u}}n Sirer and
               Nate Foster},
  title     = {Merlin: {A} Language for Provisioning Network Resources},
  booktitle = {CoNEXT},
  pages     = {213--226},
  year      = {2014},
}

@article{BosshartDGIMRSTVVW14,
  author    = {Pat Bosshart and
               Dan Daly and
               Glen Gibb and
               Martin Izzard and
               Nick McKeown and
               Jennifer Rexford and
               Cole Schlesinger and
               Dan Talayco and
               Amin Vahdat and
               George Varghese and
               David Walker},
  title     = {{P4:} programming protocol-independent packet processors},
  journal   = {CCR},
  volume    = {44},
  number    = {3},
  pages     = {87--95},
  year      = {2014},
}

@inproceedings{FergusonGLFK13,
  author    = {Andrew D. Ferguson and
               Arjun Guha and
               Chen Liang and
               Rodrigo Fonseca and
               Shriram Krishnamurthi},
  title     = {Participatory networking: an {API} for application control of SDNs},
  booktitle = {{SIGCOMM}},
  pages     = {327--338},
  year      = {2013},
}

@inproceedings{SivaramanWSB13,
  author    = {Anirudh Sivaraman and
               Keith Winstein and
               Suvinay Subramanian and
               Hari Balakrishnan},
  title     = {No silver bullet: extending {SDN} to the data plane},
  booktitle = {{HotNets}},
  pages     = {19:1--19:7},
  year      = {2013},
}

@inproceedings{PfaffPKJZRGWSSA15,
  author    = {Ben Pfaff and
               Justin Pettit and
               Teemu Koponen and
               Ethan J. Jackson and
               Andy Zhou and
               Jarno Rajahalme and
               Jesse Gross and
               Alex Wang and
               Joe Stringer and
               Pravin Shelar and
               Keith Amidon and
               Mart{\'{\i}}n Casado},
  title     = {The Design and Implementation of Open vSwitch},
  booktitle = {{USENIX} {NSDI}},
  pages     = {117-130},
  year      = {2015},
}

@article{FloydJ93,
  author    = {Sally Floyd and
               Van Jacobson},
  title     = {Random early detection gateways for congestion avoidance},
  journal   = {{IEEE/ACM} Trans. Netw.},
  volume    = {1},
  number    = {4},
  pages     = {397--413},
  year      = {1993},
}

@article{FengSKS02,
  author    = {Wu{-}chang Feng and
               Kang G. Shin and
               Dilip D. Kandlur and
               Debanjan Saha},
  title     = {The {BLUE} active queue management algorithms},
  journal   = {{IEEE/ACM} Trans. Netw.},
  volume    = {10},
  number    = {4},
  pages     = {513--528},
  year      = {2002},
}

@article{NicholsJ12,
  author    = {Kathleen M. Nichols and
               Van Jacobson},
  title     = {Controlling queue delay},
  journal   = {Commun. {ACM}},
  volume    = {55},
  number    = {7},
  pages     = {42--50},
  year      = {2012},
}

@inproceedings{DemersKS89,
  author    = {Alan J. Demers and
               Srinivasan Keshav and
               Scott Shenker},
  title     = {Analysis and Simulation of a Fair Queueing Algorithm},
  booktitle = {{SIGCOMM}},
  pages     = {1--12},
  year      = {1989},
}

@inproceedings{McKenney90,
  author    = {Paul E. McKenney},
  title     = {Stochastic Fairness Queueing},
  booktitle = {{INFOCOM}},
  pages     = {733--740},
  year      = {1990},
}

@article{TennenhouseW96,
  author    = {David L. Tennenhouse and
               David Wetherall},
  title     = {Towards an active network architecture},
  journal   = {Computer Communication Review},
  volume    = {26},
  number    = {2},
  pages     = {5--17},
  year      = {1996},
}

@inproceedings{KozanitisHSV10,
  author    = {Christos Kozanitis and
               John Huber and
               Sushil Singh and
               George Varghese},
  title     = {Leaping Multiple Headers in a Single Bound: Wire-Speed Parsing Using
               the Kangaroo System},
  booktitle = {{INFOCOM}},
  pages     = {830--838},
  year      = {2010},
}

@inproceedings{Song13,
  author    = {Haoyu Song},
  title     = {Protocol-oblivious forwarding: unleash the power of {SDN} through a future-proof forwarding plane},
  booktitle = {{HotSDN}},
  pages     = {127--132},
  year      = {2013},
}

@INPROCEEDINGS{Morton2010,
  author    = {Morton, K. and Friesen, A. and Balazinska, M. and Grossman, D.},
  title     = {Estimating the Progress of MapReduce Pipelines},
  year      = {2010},
  booktitle = {Data Engineering (ICDE), 2010 IEEE 26th International Conference on},
  pages     = {681-684},
}

@inproceedings{Verma2011,
  author    = {Verma, Abhishek and Cherkasova, Ludmila and Campbell, Roy H.},
  title     = {ARIA: Automatic Resource Inference and Allocation for Mapreduce Environments},
  booktitle = {Proceedings on the 8th ACM International Conference on Autonomic Computing},
  year      = {2011},
  pages     = {235-244},
}

@inproceedings{Coppa2015,
  author    = {Emilio Coppa and Irene Finocchi},
  title     = {On Data Skewness, Stragglers, and MapReduce Progress Indicators},
  booktitle = {Proceedings of the Sixth ACM Symposium on Cloud Computing},
  year      = {2015},
  pages     = {139-152},
}

@inproceedings{Zaharia:2012,
  author    = {Zaharia, Matei and 
               Chowdhury, Mosharaf and 
               Das, Tathagata and 
               Dave, Ankur and 
               Ma, Justin and 
               McCauley, Murphy and 
               Franklin, Michael J. and 
               Shenker, Scott and 
               Stoica, Ion},
  title     = {Resilient Distributed Datasets: A Fault-tolerant Abstraction for In-Memory Cluster Computing},
  booktitle = {Proceedings of the 9th USENIX Conference on Networked Systems Design and Implementation},
  year      = {2012},
  pages     = {15-28},
}






