% -*- mode: BibTex; coding: iso-safe -*-
%%% DO NOT EDIT THIS FILE!!!

% These are the jounral names pre-defined by 'bibtex'
% acmcs = "ACM Computing Surveys"
% acta = "Acta Informatica"
% cacm = "Communications of the ACM"
% ibmjrd = "IBM Journal of Research and Development"
% ibmsj = "IBM Systems Journal"
% ieeese = "IEEE Transactions on Software Engineering"
% ieeetc = "IEEE Transactions on Computers"
% ieeetcad = "IEEE Transactions on Computer-Aided Design of Integrated Circuits"
% ipl = "Information Processing Letters"
% jacm = "Journal of the ACM"
% jcss = "Journal of Computer and System Sciences"
% scp = "Science of Computer Programming"
% sicomp = "SIAM Journal on Computing"
% tocs = "ACM Transactions on Computer Systems"
% tods = "ACM Transactions on Database Systems"
% tog = "ACM Transactions on Graphics"
% toms = "ACM Transactions on Mathematical Software"
% toois = "ACM Transactions on Office Information Systems"
% toplas = "ACM Transactions on Programming Languages and Systems"
% tcs = "Theoretical Computer Science"

% add any other names here.  If you use one of them you must
% include this file as the first .bib file

@String{acmcs = {ACM Computing Surveys}}
@String{jacm = {Journal of the ACM}}

@String{inter = {Int.\ }}
@String{intconfon = {Int.\ Conf.\ on }}
@String{euroconfon = {Euro.\ Conf.\ on }}
@String{intsympon = {Int.\ Symp.\ on }}
@String{eurosympon = {Euro.\ Symp.\ on }}
@String{sympon = {Symp.\ on }}
@String{intwkon = {Int.\ W.\ on }}

@String{acm = {Assoc.\ for Computing Machinery}}
@String{acmpress = {{ACM} {P}ress}}
@String{acmqueue = {{ACM} {Q}ueue}}
@String{acmtois = {ACM Trans.\ on Info.\ Sys.}}
@String{apsys = {APSys}}
@string{asplos = intconfon # {Archi\. Support for Prog.\ Lang.\ and Systems (ASPLOS)}}
       @string{asplos-VI = "Sixth" # asplos}

@string{boston = {Boston, MA, USA}}

@String{cacm = {Communications of the {ACM}}}
@string{cambridge-mass = {Cambridge, MA, USA}}
@string{capemay = "Cape May, NJ, USA"}
@string{Carnegie = "Dept.\ Computer Science, Carnegie-Mellon University"}
@string{CCS = {CCS}}
@string{cfse = {CFSE}}

@String{cidr = {CIDR}}
@String{cloudcom = {CloudCom}}
@string{cmu = "Carnegie-Mellon U."}
@String{collaboratecom = intconfon # {Coll.\ Computing: Networking, Apps.\ and Worksharing (CollaborateCom)}}
@string{compcon = {CompCon Conf.}}
                  
@String{conext = intconfon # {CoNEXT}}
@String{coopis = intconfon # {CoopIS}}
@string{coots = "Proc.\ {U}SENIX Conf.\ on Object-Oriented Technologies (COOTS)"}
@String{cscw = intconfon # {CSCW}}

@String{CoRR = {CoRR}}


@String{crypto = {CRYPTO}}

@String{disc = {DISC}}
@string{dmcc5 = "Dist.\ Memory Comp.\ Conf."}

@String{ecoop = {ECOOP}}
@String{elsevier = {Elsevier B.V.}}
@String{esop = {Programming ESOP}}
@String{europar = {Euro-Par}}
@String{eurosys = {EuroSys}}

@String{fast = {FAST}}
@String{ftcs = {Fault-Tolerant Comp.\ Symp.}}
@String{fmse = {FMSE}}
@string{hicss = "Annual Hawaii Conf.\ on Sys.\ Sciences"}
@string{hotcloud = {HotCloud}}

@String{icdcs = {ICDCS}}
@String{icdcn = {ICDCN}}
@String{icpads = {ICPADS}}
@string{icde = {ICDE}}
@string{dsn = {DSN}}
@string{ieeecs = "IEEE Comp.\ Society"}
@String{ieeecomputer = {Computer}}
@string{ieeecsp = "IEEE Comp.\ Society Press"}
@String{ieeetc = {{IEEE} {T}rans.\ on {C}omputers}}
@string{inria = {Institut National de la Recherche en Informatique et Automatique (INRIA)}}
@string{irisa = {Institut de Recherche en Informatique et Syst\`{e}mes Al\'{e}atoires (IRISA)}}
@string{iwdp = intwkon # "Database Programming Languages"}
@String{ismm = intsympon # {Memory management}}
@string{iwmm = "Proc.\ Int.\ W.\ on Memory Management"}
@string{iwoo = intwkon # "Object-Oriented Data Bases"}
@string{iwooos = "I-WOOOS"}
@string{iwposdiu = intwkon # "Persistent Obj.\ Sys.\ Design, Impl.\ and
                  Use (POS)"}

@string{jpdc = "Journal of Parallel and Dist. Comp."}



@String{ladis = {W. on Large-Scale Dist.\ Sys.\ and Middleware (LADIS)}}
@String{lncs = {Lecture Notes in Comp.\ Sc.}}

@string{monterey = {Monterey CA, USA}}
@String{mobisys = {MobiSys}}
@String{middleware = {Middleware}}

@String{nsdi = {NSDI}}
@string{nwprtbeach = "Newport Beach CA, USA"}

@String{opodis = {OPODIS}}
@string{oopsla = "Conf.\ on Object-Oriented Prog.\ Sys.,
		  Lang.\ and Applications (OOPSLA)"}
@string{osdi = {OSDI}}
@string{osr = {Operating Systems Review}}

@string{Pacific-Grove = "Pacific Grove CA {(USA)}"}
@String{parle = {PARLE}}
@String{pdis = {PDIS}}
@string{perso = "Personal communication"}
@string{pittsburgh = "Pittsburgh {PA}, USA"}
@String{pldi = {Conf.\ on Prog.\ Lang.\ Design and Implementation}}
@string{poaec = "Annual Esprit Conference"}
@String{podc = {PODC}}
@String{pods = {PODS}}
@String{popl = {POPL}}
@String{prdc = {PRDC}}
@String{ppopp = {PPoPP}}
@String{ipdps = {IPDPS}}
@String{spaa = {SPAA}}
@String{pvldb = {{VLDB} {E}ndow.}}
@String{vldbj = {The VLDB Journal}}

@string{rocq = {Rocquencourt, France}}
@String{rr = {Rapp.\ Rech.}}

@String{sigmod = {SIGMOD}}
@String{sensys = {SenSys}}
@string{seattle = "Seattle WA, USA"}
@string{sedms = sympon # "Experiences with Dist.\ and Multiprocessor Systems"}
@string{smoka = sympon # "Microkernels and Other Kernel Archi."}
@String{sigops = {ACM SIG on Op.\ Sys.\ (SIGOPS)}}
@String{sigopsew = {SIGOPS European Workshop}}
    @string{sigopsew5 = "5th " # sigopsew # {, on ``Models and Paradigms
		      for Distributed Systems Structuring''}}
@String{socc = {SoCC}}
@string{sosp = {SOSP}}
@string{spe = {Software Practice and Experience}}
@String{springer = {{S}pringer-{V}erlag}}
@String{srds = {SRDS}}
@String{sss = {SSS}}
@String{sac = {SAC}}
@String{stoc = {STOC}}
@String{nca = {NCA}}
@String{ccgrid = {CCGrid}}
@String{wttm = {WTTM}}

@string{tarascon = "Tarascon, France"}
@String{tkde = {IEEE Trans.\ on Knowlege and Data Eng.}}
@string{toappear = "(To appear)"}
@String{tods = {Trans.\ on Database Systems}}
@String{tocs = {Trans.\ on Computer Systems}}
@string{tsi = {Technique et Science Informatiques}}
@String{tpds = {TPDS}}
@String{usenix = {Usenix}}
@string{usenix-atc = {Usenix-ATC}}
@string{hotpar = {HotPar}}
@string{uwmkoka = "W.\ on Micro-Kernels and Other Kernel Archi."}

@String{vee = intsympon # {Virtual Exec.\ Environments}}
@String{vldb = {VLDB}}

@String{infocom = {INFOCOM}}
